resolution_mode,event_id,timestamp,session,trade_direction,predicted_class,prob_tradeable_reversal,prob_trap_reversal,prob_aggressive_blowthrough,predicted_confidence,reversal_probability,confidence_bucket,level_type,level_price,model_version,feature_int_time_beyond_level,feature_int_time_within_2pts,feature_int_absorption_ratio,entry_price_at_prediction,entry_price_is_fallback,is_executable,mfe_points,mae_points,default_actual_class,default_resolution_type,actual_class,prediction_correct,tp15_sl15_exit_reason,tp15_sl15_pnl_points,tp15_sl25_exit_reason,tp15_sl25_pnl_points,tp15_sl30_exit_reason,tp15_sl30_pnl_points
optimistic,b14e2089-2f50-4b1f-8a60-648a9866c92c,2025-06-05T05:03:56.368536+00:00,london,long,trap_reversal,0.34677814,0.42810269,0.22511918,0.42810269,0.34677814,"[0.00,0.50)",asia_low,21730.75,v1,146.26222400000003,134.41079099999993,0.17955112219451372,21726.5,False,False,25.0,7.75,tradeable_reversal,tp_hit,tradeable_reversal,False,tp,15.0,tp,15.0,tp,15.0
pessimistic,b14e2089-2f50-4b1f-8a60-648a9866c92c,2025-06-05T05:03:56.368536+00:00,london,long,trap_reversal,0.34677814,0.42810269,0.22511918,0.42810269,0.34677814,"[0.00,0.50)",asia_low,21730.75,v1,146.26222400000003,134.41079099999993,0.17955112219451372,21726.5,False,False,25.0,7.75,tradeable_reversal,tp_hit,tradeable_reversal,False,tp,15.0,tp,15.0,tp,15.0
optimistic,f269fad0-6646-47b5-be75-b2be1b93b4a7,2025-06-05T07:15:10.949196+00:00,london,short,trap_reversal,0.42933148,0.47669013,0.09397839,0.47669013,0.42933148,"[0.00,0.50)",asia_high,21766.75,v1,98.29710400000003,112.51079000000004,0.20336134453781513,21766.0,False,False,8.5,37.5,trap_reversal,sl_hit,trap_reversal,True,sl,-15.0,sl,-25.0,sl,-30.0
pessimistic,f269fad0-6646-47b5-be75-b2be1b93b4a7,2025-06-05T07:15:10.949196+00:00,london,short,trap_reversal,0.42933148,0.47669013,0.09397839,0.47669013,0.42933148,"[0.00,0.50)",asia_high,21766.75,v1,98.29710400000003,112.51079000000004,0.20336134453781513,21766.0,False,False,8.5,37.5,trap_reversal,sl_hit,trap_reversal,True,sl,-15.0,sl,-25.0,sl,-30.0
optimistic,d31aef91-ccca-4703-b87c-3910dffcdccb,2025-06-05T12:00:00.033187+00:00,pre_market,short,trap_reversal,0.43319468,0.4807793,0.08602602,0.4807793,0.43319468,"[0.00,0.50)",asia_high,21766.75,v1,70.07025300000001,135.54715699999997,0.4074074074074074,21767.5,False,False,25.5,15.25,tradeable_reversal,tp_hit,tradeable_reversal,False,tp,15.0,tp,15.0,tp,15.0
pessimistic,d31aef91-ccca-4703-b87c-3910dffcdccb,2025-06-05T12:00:00.033187+00:00,pre_market,short,trap_reversal,0.43319468,0.4807793,0.08602602,0.4807793,0.43319468,"[0.00,0.50)",asia_high,21766.75,v1,70.07025300000001,135.54715699999997,0.4074074074074074,21767.5,False,False,25.5,15.25,tradeable_reversal,tp_hit,tradeable_reversal,False,tp,15.0,tp,15.0,tp,15.0
optimistic,cb5d5d31-394d-442f-bdc6-1c6488fca0c2,2025-06-05T12:30:16.424056+00:00,pre_market,long,tradeable_reversal,0.85173594,0.09281572,0.05544834,0.85173594,0.85173594,"[0.80,0.90)",asia_low,21730.75,v1,31.74909600000001,12.542322999999994,0.16237623762376238,21753.75,False,False,25.0,0.0,tradeable_reversal,tp_hit,tradeable_reversal,True,sl,-15.0,sl,-25.0,sl,-30.0
pessimistic,cb5d5d31-394d-442f-bdc6-1c6488fca0c2,2025-06-05T12:30:16.424056+00:00,pre_market,long,tradeable_reversal,0.85173594,0.09281572,0.05544834,0.85173594,0.85173594,"[0.80,0.90)",asia_low,21730.75,v1,31.74909600000001,12.542322999999994,0.16237623762376238,21753.75,False,False,25.0,0.0,tradeable_reversal,tp_hit,tradeable_reversal,True,sl,-15.0,sl,-25.0,sl,-30.0
optimistic,4c6f6a2e-d37c-4cdc-a141-48ae8ad920f7,2025-06-05T12:49:17.304482+00:00,pre_market,short,trap_reversal,0.31257665,0.55236555,0.13505781,0.55236555,0.31257665,"[0.00,0.50)",london_high,21842.75,v1,136.44514200000003,12.847618000000002,0.026037735849056602,21823.5,False,False,25.0,0.0,tradeable_reversal,tp_hit,tradeable_reversal,False,sl,-15.0,sl,-25.0,sl,-30.0
pessimistic,4c6f6a2e-d37c-4cdc-a141-48ae8ad920f7,2025-06-05T12:49:17.304482+00:00,pre_market,short,trap_reversal,0.31257665,0.55236555,0.13505781,0.55236555,0.31257665,"[0.00,0.50)",london_high,21842.75,v1,136.44514200000003,12.847618000000002,0.026037735849056602,21823.5,False,False,25.0,0.0,tradeable_reversal,tp_hit,tradeable_reversal,False,sl,-15.0,sl,-25.0,sl,-30.0
optimistic,cb46576e-7fac-415d-8fdb-727bb1861c54,2025-06-05T13:30:00.000426+00:00,ny_rth,short,aggressive_blowthrough,0.03187522,0.04365802,0.92446675,0.92446675,0.03187522,"[0.00,0.50)",asia_high,21766.75,v1,298.18043999999946,1.6791419999999997,0.004292403746097815,21800.5,False,False,0.0,38.0,aggressive_blowthrough,sl_hit,aggressive_blowthrough,True,sl,-15.0,sl,-25.0,sl,-30.0
pessimistic,cb46576e-7fac-415d-8fdb-727bb1861c54,2025-06-05T13:30:00.000426+00:00,ny_rth,short,aggressive_blowthrough,0.03187522,0.04365802,0.92446675,0.92446675,0.03187522,"[0.00,0.50)",asia_high,21766.75,v1,298.18043999999946,1.6791419999999997,0.004292403746097815,21800.5,False,False,0.0,38.0,aggressive_blowthrough,sl_hit,aggressive_blowthrough,True,sl,-15.0,sl,-25.0,sl,-30.0
optimistic,f8892b1e-13c5-49e0-8fbf-c78276ed1740,2025-06-05T13:45:53.939595+00:00,ny_rth,long,trap_reversal,0.11839485,0.68318875,0.1984164,0.68318875,0.11839485,"[0.00,0.50)",asia_low,21730.75,v1,217.10072399999984,16.816061000000005,0.020266549179425046,21748.25,False,False,25.0,16.5,tradeable_reversal,tp_hit,tradeable_reversal,False,sl,-15.0,sl,-25.0,sl,-30.0
pessimistic,f8892b1e-13c5-49e0-8fbf-c78276ed1740,2025-06-05T13:45:53.939595+00:00,ny_rth,long,trap_reversal,0.11839485,0.68318875,0.1984164,0.68318875,0.11839485,"[0.00,0.50)",asia_low,21730.75,v1,217.10072399999984,16.816061000000005,0.020266549179425046,21748.25,False,False,25.0,16.5,tradeable_reversal,tp_hit,tradeable_reversal,False,sl,-15.0,sl,-25.0,sl,-30.0
optimistic,96aadbe6-d453-41b0-ab56-9325345c680f,2025-06-05T14:42:16.084503+00:00,ny_rth,short,trap_reversal,0.39869798,0.42139504,0.17990698,0.42139504,0.39869798,"[0.00,0.50)",london_high,21842.75,v1,105.8349279999998,9.198111999999995,0.022965693223702864,21856.25,False,False,25.75,24.0,tradeable_reversal,tp_hit,tradeable_reversal,False,tp,15.0,tp,15.0,tp,15.0
pessimistic,96aadbe6-d453-41b0-ab56-9325345c680f,2025-06-05T14:42:16.084503+00:00,ny_rth,short,trap_reversal,0.39869798,0.42139504,0.17990698,0.42139504,0.39869798,"[0.00,0.50)",london_high,21842.75,v1,105.8349279999998,9.198111999999995,0.022965693223702864,21856.25,False,False,25.75,24.0,tradeable_reversal,tp_hit,tradeable_reversal,False,tp,15.0,tp,15.0,tp,15.0
optimistic,f543d2c0-be3f-42d4-af19-bd14fa399269,2025-06-06T05:00:06.343262+00:00,london,short,aggressive_blowthrough,0.23739353,0.24206581,0.52054066,0.52054066,0.23739353,"[0.00,0.50)",asia_high,21651.0,v1,256.47047600000013,49.30224799999999,0.05967741935483871,21663.5,False,False,22.0,37.75,trap_reversal,sl_hit,trap_reversal,False,tp,15.0,tp,15.0,tp,15.0
pessimistic,f543d2c0-be3f-42d4-af19-bd14fa399269,2025-06-06T05:00:06.343262+00:00,london,short,aggressive_blowthrough,0.23739353,0.24206581,0.52054066,0.52054066,0.23739353,"[0.00,0.50)",asia_high,21651.0,v1,256.47047600000013,49.30224799999999,0.05967741935483871,21663.5,False,False,22.0,37.75,trap_reversal,sl_hit,trap_reversal,False,tp,15.0,tp,15.0,tp,15.0
optimistic,8d1c9cfd-546a-41fd-8c25-70b31337c803,2025-06-06T12:00:00.001978+00:00,pre_market,short,aggressive_blowthrough,0.03413814,0.04557965,0.92028221,0.92028221,0.03413814,"[0.00,0.50)",asia_high,21651.0,v1,299.9997009999999,0.0,0.0,21683.5,False,False,0.0,37.5,aggressive_blowthrough,sl_hit,aggressive_blowthrough,True,tp,15.0,tp,15.0,tp,15.0
pessimistic,8d1c9cfd-546a-41fd-8c25-70b31337c803,2025-06-06T12:00:00.001978+00:00,pre_market,short,aggressive_blowthrough,0.03413814,0.04557965,0.92028221,0.92028221,0.03413814,"[0.00,0.50)",asia_high,21651.0,v1,299.9997009999999,0.0,0.0,21683.5,False,False,0.0,37.5,aggressive_blowthrough,sl_hit,aggressive_blowthrough,True,tp,15.0,tp,15.0,tp,15.0
optimistic,3d5beea8-f1f2-4925-9998-2bac1aa444ea,2025-06-06T12:30:00.496128+00:00,pre_market,short,aggressive_blowthrough,0.03433893,0.04613745,0.91952363,0.91952363,0.03433893,"[0.00,0.50)",london_high,21694.5,v1,299.88307699999933,0.10860800000000002,0.001275306870715766,21757.75,False,False,0.0,63.25,aggressive_blowthrough,sl_hit,aggressive_blowthrough,True,tp,15.0,tp,15.0,tp,15.0
pessimistic,3d5beea8-f1f2-4925-9998-2bac1aa444ea,2025-06-06T12:30:00.496128+00:00,pre_market,short,aggressive_blowthrough,0.03433893,0.04613745,0.91952363,0.91952363,0.03433893,"[0.00,0.50)",london_high,21694.5,v1,299.88307699999933,0.10860800000000002,0.001275306870715766,21757.75,False,False,0.0,63.25,aggressive_blowthrough,sl_hit,aggressive_blowthrough,True,tp,15.0,tp,15.0,tp,15.0
optimistic,061b1fd4-4a6a-427c-9db9-4ce69d969435,2025-06-06T13:30:00.000090+00:00,ny_rth,short,aggressive_blowthrough,0.03413814,0.04557965,0.92028221,0.92028221,0.03413814,"[0.00,0.50)",asia_high,21651.0,v1,299.99790600000034,0.0,0.0,21778.75,False,False,0.0,127.75,aggressive_blowthrough,sl_hit,aggressive_blowthrough,True,sl,-15.0,sl,-25.0,sl,-30.0
pessimistic,061b1fd4-4a6a-427c-9db9-4ce69d969435,2025-06-06T13:30:00.000090+00:00,ny_rth,short,aggressive_blowthrough,0.03413814,0.04557965,0.92028221,0.92028221,0.03413814,"[0.00,0.50)",asia_high,21651.0,v1,299.99790600000034,0.0,0.0,21778.75,False,False,0.0,127.75,aggressive_blowthrough,sl_hit,aggressive_blowthrough,True,sl,-15.0,sl,-25.0,sl,-30.0
optimistic,93567066-f41a-4f35-8265-743a02cd5c69,2025-06-09T11:37:58.278391+00:00,london,short,tradeable_reversal,0.40350815,0.37769914,0.21879271,0.40350815,0.40350815,"[0.00,0.50)",asia_high,21820.75,v1,143.10616899999997,149.02336299999996,0.3678474114441417,21818.25,False,False,25.0,0.0,tradeable_reversal,tp_hit,tradeable_reversal,True,tp,15.0,tp,15.0,tp,15.0
pessimistic,93567066-f41a-4f35-8265-743a02cd5c69,2025-06-09T11:37:58.278391+00:00,london,short,tradeable_reversal,0.40350815,0.37769914,0.21879271,0.40350815,0.40350815,"[0.00,0.50)",asia_high,21820.75,v1,143.10616899999997,149.02336299999996,0.3678474114441417,21818.25,False,False,25.0,0.0,tradeable_reversal,tp_hit,tradeable_reversal,True,tp,15.0,tp,15.0,tp,15.0
optimistic,49bf950a-b6f7-403b-a1f3-6cb56e4f9b66,2025-06-09T14:09:29.535278+00:00,ny_rth,short,aggressive_blowthrough,0.08542907,0.23673642,0.67783451,0.67783451,0.08542907,"[0.00,0.50)",asia_high,21820.75,v1,298.65427199999976,10.832653999999994,0.014335722620436739,21846.75,False,False,0.0,37.5,aggressive_blowthrough,sl_hit,aggressive_blowthrough,True,tp,15.0,tp,15.0,tp,15.0
pessimistic,49bf950a-b6f7-403b-a1f3-6cb56e4f9b66,2025-06-09T14:09:29.535278+00:00,ny_rth,short,aggressive_blowthrough,0.08542907,0.23673642,0.67783451,0.67783451,0.08542907,"[0.00,0.50)",asia_high,21820.75,v1,298.65427199999976,10.832653999999994,0.014335722620436739,21846.75,False,False,0.0,37.5,aggressive_blowthrough,sl_hit,aggressive_blowthrough,True,tp,15.0,tp,15.0,tp,15.0
optimistic,46814418-4a90-448c-a605-811d71b522ff,2025-06-10T04:00:00.097424+00:00,asia,short,aggressive_blowthrough,0.03413814,0.04557965,0.92028221,0.92028221,0.03413814,"[0.00,0.50)",pdh,21890.75,v1,299.96111499999995,0.0,0.0,21931.0,False,False,0.0,40.25,aggressive_blowthrough,sl_hit,aggressive_blowthrough,True,tp,15.0,tp,15.0,tp,15.0
pessimistic,46814418-4a90-448c-a605-811d71b522ff,2025-06-10T04:00:00.097424+00:00,asia,short,aggressive_blowthrough,0.03413814,0.04557965,0.92028221,0.92028221,0.03413814,"[0.00,0.50)",pdh,21890.75,v1,299.96111499999995,0.0,0.0,21931.0,False,False,0.0,40.25,aggressive_blowthrough,sl_hit,aggressive_blowthrough,True,tp,15.0,tp,15.0,tp,15.0
optimistic,dbeff4da-3752-45a9-a9ce-4b25d73b1a15,2025-06-10T05:00:00.890228+00:00,london,short,aggressive_blowthrough,0.03413814,0.04557965,0.92028221,0.92028221,0.03413814,"[0.00,0.50)",pdh,21890.75,v1,300.0000000000001,0.0,0.0,21922.25,False,False,0.0,37.75,aggressive_blowthrough,sl_hit,aggressive_blowthrough,True,tp,15.0,tp,15.0,tp,15.0
pessimistic,dbeff4da-3752-45a9-a9ce-4b25d73b1a15,2025-06-10T05:00:00.890228+00:00,london,short,aggressive_blowthrough,0.03413814,0.04557965,0.92028221,0.92028221,0.03413814,"[0.00,0.50)",pdh,21890.75,v1,300.0000000000001,0.0,0.0,21922.25,False,False,0.0,37.75,aggressive_blowthrough,sl_hit,aggressive_blowthrough,True,tp,15.0,tp,15.0,tp,15.0
optimistic,66e1d0b5-222c-4238-b9f5-57f851e85bb4,2025-06-10T05:26:38.752450+00:00,london,long,aggressive_blowthrough,0.03206306,0.04424788,0.92368906,0.92368906,0.03206306,"[0.00,0.50)",asia_low,21815.25,v1,298.42699900000014,1.593411,0.005050505050505051,21779.75,False,False,0.0,38.0,aggressive_blowthrough,sl_hit,aggressive_blowthrough,True,tp,15.0,tp,15.0,tp,15.0
pessimistic,66e1d0b5-222c-4238-b9f5-57f851e85bb4,2025-06-10T05:26:38.752450+00:00,london,long,aggressive_blowthrough,0.03206306,0.04424788,0.92368906,0.92368906,0.03206306,"[0.00,0.50)",asia_low,21815.25,v1,298.42699900000014,1.593411,0.005050505050505051,21779.75,False,False,0.0,38.0,aggressive_blowthrough,sl_hit,aggressive_blowthrough,True,tp,15.0,tp,15.0,tp,15.0
optimistic,90a043b4-5765-4b92-a218-ba831db8bca3,2025-06-10T07:44:59.672495+00:00,london,long,tradeable_reversal,0.75454197,0.1920898,0.05336823,0.75454197,0.75454197,"[0.70,0.80)",pdl,21750.75,v1,45.325374000000025,24.206616000000004,0.08773784355179703,21767.75,False,False,25.0,0.0,tradeable_reversal,tp_hit,tradeable_reversal,True,sl,-15.0,sl,-25.0,sl,-30.0
pessimistic,90a043b4-5765-4b92-a218-ba831db8bca3,2025-06-10T07:44:59.672495+00:00,london,long,tradeable_reversal,0.75454197,0.1920898,0.05336823,0.75454197,0.75454197,"[0.70,0.80)",pdl,21750.75,v1,45.325374000000025,24.206616000000004,0.08773784355179703,21767.75,False,False,25.0,0.0,tradeable_reversal,tp_hit,tradeable_reversal,True,sl,-15.0,sl,-25.0,sl,-30.0
optimistic,8d559de4-33fb-482d-b39f-5b89df1e4a23,2025-06-10T13:53:03.263299+00:00,ny_rth,short,tradeable_reversal,0.85546718,0.07804034,0.06649248,0.85546718,0.85546718,"[0.80,0.90)",pdh,21890.75,v1,8.388776000000002,14.699462999999993,0.45323741007194246,21851.75,False,True,39.0,0.0,tradeable_reversal,tp_hit,tradeable_reversal,True,sl,-15.0,sl,-25.0,sl,-30.0
pessimistic,8d559de4-33fb-482d-b39f-5b89df1e4a23,2025-06-10T13:53:03.263299+00:00,ny_rth,short,tradeable_reversal,0.85546718,0.07804034,0.06649248,0.85546718,0.85546718,"[0.80,0.90)",pdh,21890.75,v1,8.388776000000002,14.699462999999993,0.45323741007194246,21851.75,False,True,39.0,0.0,tradeable_reversal,tp_hit,tradeable_reversal,True,sl,-15.0,sl,-25.0,sl,-30.0
optimistic,7fba5b29-d732-4fd4-8a23-333fd4752819,2025-06-10T15:32:30.786958+00:00,ny_rth,long,aggressive_blowthrough,0.03700026,0.05982612,0.90317362,0.90317362,0.03700026,"[0.00,0.50)",asia_low,21815.25,v1,299.3896530000004,2.4812339999999993,0.01150712197549294,21798.0,False,False,25.0,17.5,tradeable_reversal,tp_hit,tradeable_reversal,False,tp,15.0,tp,15.0,tp,15.0
pessimistic,7fba5b29-d732-4fd4-8a23-333fd4752819,2025-06-10T15:32:30.786958+00:00,ny_rth,long,aggressive_blowthrough,0.03700026,0.05982612,0.90317362,0.90317362,0.03700026,"[0.00,0.50)",asia_low,21815.25,v1,299.3896530000004,2.4812339999999993,0.01150712197549294,21798.0,False,False,25.0,17.5,tradeable_reversal,tp_hit,tradeable_reversal,False,tp,15.0,tp,15.0,tp,15.0
optimistic,35945e73-da0b-4e4b-910c-4fbb09a5b264,2025-06-10T17:14:11.265727+00:00,ny_rth,short,tradeable_reversal,0.53436511,0.0613158,0.40431909,0.53436511,0.53436511,"[0.50,0.60)",london_high,21931.0,v1,0.0,1.6804269999999997,1.0,21911.75,False,True,25.0,0.0,tradeable_reversal,tp_hit,tradeable_reversal,True,sl,-15.0,tp,15.0,tp,15.0
pessimistic,35945e73-da0b-4e4b-910c-4fbb09a5b264,2025-06-10T17:14:11.265727+00:00,ny_rth,short,tradeable_reversal,0.53436511,0.0613158,0.40431909,0.53436511,0.53436511,"[0.50,0.60)",london_high,21931.0,v1,0.0,1.6804269999999997,1.0,21911.75,False,True,25.0,0.0,tradeable_reversal,tp_hit,tradeable_reversal,True,sl,-15.0,tp,15.0,tp,15.0
optimistic,40272288-4f18-4d75-aa01-f57a974e0580,2025-06-10T19:04:31.480764+00:00,ny_rth,short,aggressive_blowthrough,0.23625755,0.30672513,0.45701732,0.45701732,0.23625755,"[0.00,0.50)",asia_high,21973.25,v1,247.57696899999974,21.90941399999999,0.06803218727139722,21977.75,False,False,25.0,15.75,tradeable_reversal,tp_hit,tradeable_reversal,False,tp,15.0,tp,15.0,tp,15.0
pessimistic,40272288-4f18-4d75-aa01-f57a974e0580,2025-06-10T19:04:31.480764+00:00,ny_rth,short,aggressive_blowthrough,0.23625755,0.30672513,0.45701732,0.45701732,0.23625755,"[0.00,0.50)",asia_high,21973.25,v1,247.57696899999974,21.90941399999999,0.06803218727139722,21977.75,False,False,25.0,15.75,tradeable_reversal,tp_hit,tradeable_reversal,False,tp,15.0,tp,15.0,tp,15.0
optimistic,0025cb37-6428-4eaa-ba79-79e6c6a69430,2025-06-11T05:00:23.396143+00:00,london,long,tradeable_reversal,0.50824986,0.40866721,0.08308293,0.50824986,0.50824986,"[0.50,0.60)",asia_low,21872.75,v1,37.086428999999995,81.65468199999997,0.22466960352422907,21882.5,False,False,25.0,0.0,tradeable_reversal,tp_hit,tradeable_reversal,True,sl,-15.0,tp,15.0,tp,15.0
pessimistic,0025cb37-6428-4eaa-ba79-79e6c6a69430,2025-06-11T05:00:23.396143+00:00,london,long,tradeable_reversal,0.50824986,0.40866721,0.08308293,0.50824986,0.50824986,"[0.50,0.60)",asia_low,21872.75,v1,37.086428999999995,81.65468199999997,0.22466960352422907,21882.5,False,False,25.0,0.0,tradeable_reversal,tp_hit,tradeable_reversal,True,sl,-15.0,tp,15.0,tp,15.0
optimistic,88fc8e92-ebdc-43fb-a54e-15bf7144b893,2025-06-11T12:04:10.681284+00:00,pre_market,short,tradeable_reversal,0.84278162,0.09983206,0.05738632,0.84278162,0.84278162,"[0.80,0.90)",london_high,21959.5,v1,26.41564699999998,10.126258000000004,0.08567931456548347,21939.25,False,False,25.5,6.75,tradeable_reversal,tp_hit,tradeable_reversal,True,sl,-15.0,sl,-25.0,sl,-30.0
pessimistic,88fc8e92-ebdc-43fb-a54e-15bf7144b893,2025-06-11T12:04:10.681284+00:00,pre_market,short,tradeable_reversal,0.84278162,0.09983206,0.05738632,0.84278162,0.84278162,"[0.80,0.90)",london_high,21959.5,v1,26.41564699999998,10.126258000000004,0.08567931456548347,21939.25,False,False,25.5,6.75,tradeable_reversal,tp_hit,tradeable_reversal,True,sl,-15.0,sl,-25.0,sl,-30.0
optimistic,20542ea5-8df3-46df-9cdc-2c748704fdcc,2025-06-11T12:30:01.136765+00:00,pre_market,short,aggressive_blowthrough,0.03413814,0.04557965,0.92028221,0.92028221,0.03413814,"[0.00,0.50)",asia_high,22002.75,v1,299.99530399999975,0.001433,0.0001155001155001155,22060.0,False,False,0.0,57.25,aggressive_blowthrough,sl_hit,aggressive_blowthrough,True,tp,15.0,tp,15.0,tp,15.0
pessimistic,20542ea5-8df3-46df-9cdc-2c748704fdcc,2025-06-11T12:30:01.136765+00:00,pre_market,short,aggressive_blowthrough,0.03413814,0.04557965,0.92028221,0.92028221,0.03413814,"[0.00,0.50)",asia_high,22002.75,v1,299.99530399999975,0.001433,0.0001155001155001155,22060.0,False,False,0.0,57.25,aggressive_blowthrough,sl_hit,aggressive_blowthrough,True,tp,15.0,tp,15.0,tp,15.0
optimistic,6db47dc8-084d-4bbf-b618-f7d3addb5c4d,2025-06-11T13:30:00.000529+00:00,ny_rth,short,aggressive_blowthrough,0.03413814,0.04557965,0.92028221,0.92028221,0.03413814,"[0.00,0.50)",london_high,21959.5,v1,299.9990519999998,0.0,0.0,21971.5,False,False,0.5,37.5,aggressive_blowthrough,sl_hit,aggressive_blowthrough,True,sl,-15.0,sl,-25.0,sl,-30.0
pessimistic,6db47dc8-084d-4bbf-b618-f7d3addb5c4d,2025-06-11T13:30:00.000529+00:00,ny_rth,short,aggressive_blowthrough,0.03413814,0.04557965,0.92028221,0.92028221,0.03413814,"[0.00,0.50)",london_high,21959.5,v1,299.9990519999998,0.0,0.0,21971.5,False,False,0.5,37.5,aggressive_blowthrough,sl_hit,aggressive_blowthrough,True,sl,-15.0,sl,-25.0,sl,-30.0
optimistic,3b9cc374-4728-46ad-89ae-2790c780dae5,2025-06-11T18:02:08.391259+00:00,ny_rth,long,trap_reversal,0.27781717,0.5831654,0.13901743,0.5831654,0.27781717,"[0.00,0.50)",asia_low,21872.75,v1,176.3495829999998,43.878052000000004,0.06375333256056566,21885.75,False,False,24.5,38.0,trap_reversal,sl_hit,trap_reversal,True,sl,-15.0,sl,-25.0,sl,-30.0
pessimistic,3b9cc374-4728-46ad-89ae-2790c780dae5,2025-06-11T18:02:08.391259+00:00,ny_rth,long,trap_reversal,0.27781717,0.5831654,0.13901743,0.5831654,0.27781717,"[0.00,0.50)",asia_low,21872.75,v1,176.3495829999998,43.878052000000004,0.06375333256056566,21885.75,False,False,24.5,38.0,trap_reversal,sl_hit,trap_reversal,True,sl,-15.0,sl,-25.0,sl,-30.0
optimistic,746d583c-b5c0-4a7f-bdb8-c33ce0618326,2025-06-12T07:46:31.729438+00:00,london,long,tradeable_reversal,0.4834162,0.44439463,0.07218917,0.4834162,0.4834162,"[0.00,0.50)",pdl,21790.75,v1,86.60744000000001,62.011759999999995,0.09982788296041308,21783.25,False,False,0.0,37.5,aggressive_blowthrough,sl_hit,aggressive_blowthrough,False,tp,15.0,tp,15.0,tp,15.0
pessimistic,746d583c-b5c0-4a7f-bdb8-c33ce0618326,2025-06-12T07:46:31.729438+00:00,london,long,tradeable_reversal,0.4834162,0.44439463,0.07218917,0.4834162,0.4834162,"[0.00,0.50)",pdl,21790.75,v1,86.60744000000001,62.011759999999995,0.09982788296041308,21783.25,False,False,0.0,37.5,aggressive_blowthrough,sl_hit,aggressive_blowthrough,False,tp,15.0,tp,15.0,tp,15.0
optimistic,ceb37e77-1846-4152-abd8-e8b691730857,2025-06-12T07:55:00.389005+00:00,london,long,tradeable_reversal,0.57344659,0.05970719,0.36684622,0.57344659,0.57344659,"[0.50,0.60)",asia_low,21754.0,v1,0.000857,0.000857,0.4166666666666667,21770.5,False,False,25.0,0.0,tradeable_reversal,tp_hit,tradeable_reversal,True,sl,-15.0,tp,15.0,tp,15.0
pessimistic,ceb37e77-1846-4152-abd8-e8b691730857,2025-06-12T07:55:00.389005+00:00,london,long,tradeable_reversal,0.57344659,0.05970719,0.36684622,0.57344659,0.57344659,"[0.50,0.60)",asia_low,21754.0,v1,0.000857,0.000857,0.4166666666666667,21770.5,False,False,25.0,0.0,tradeable_reversal,tp_hit,tradeable_reversal,True,sl,-15.0,tp,15.0,tp,15.0
optimistic,34e80971-9d4f-4a96-b0f7-c95d7b00248f,2025-06-12T12:00:00.034076+00:00,pre_market,long,aggressive_blowthrough,0.07667818,0.17280308,0.75051873,0.75051873,0.07667818,"[0.00,0.50)",asia_low,21754.0,v1,300.0000000000001,14.213071,0.008344923504867872,21748.25,False,False,25.0,8.5,tradeable_reversal,tp_hit,tradeable_reversal,False,tp,15.0,tp,15.0,tp,15.0
pessimistic,34e80971-9d4f-4a96-b0f7-c95d7b00248f,2025-06-12T12:00:00.034076+00:00,pre_market,long,aggressive_blowthrough,0.07667818,0.17280308,0.75051873,0.75051873,0.07667818,"[0.00,0.50)",asia_low,21754.0,v1,300.0000000000001,14.213071,0.008344923504867872,21748.25,False,False,25.0,8.5,tradeable_reversal,tp_hit,tradeable_reversal,False,tp,15.0,tp,15.0,tp,15.0
optimistic,f0d09352-b7b3-4d81-a35d-ef5107fca10b,2025-06-12T13:02:55.496046+00:00,pre_market,short,tradeable_reversal,0.76652231,0.06179955,0.17167814,0.76652231,0.76652231,"[0.70,0.80)",london_high,21863.25,v1,0.386602,0.393285,0.1971153846153846,21832.0,False,False,31.25,0.0,tradeable_reversal,tp_hit,tradeable_reversal,True,sl,-15.0,sl,-25.0,sl,-30.0
pessimistic,f0d09352-b7b3-4d81-a35d-ef5107fca10b,2025-06-12T13:02:55.496046+00:00,pre_market,short,tradeable_reversal,0.76652231,0.06179955,0.17167814,0.76652231,0.76652231,"[0.70,0.80)",london_high,21863.25,v1,0.386602,0.393285,0.1971153846153846,21832.0,False,False,31.25,0.0,tradeable_reversal,tp_hit,tradeable_reversal,True,sl,-15.0,sl,-25.0,sl,-30.0
optimistic,100f4bae-b50c-49fb-9d88-b99ba0dd96bf,2025-06-12T13:30:30.676832+00:00,ny_rth,short,tradeable_reversal,0.68903608,0.24370969,0.06725423,0.68903608,0.68903608,"[0.60,0.70)",london_high,21863.25,v1,37.74135099999999,31.818048,0.17628607277289837,21847.0,False,True,25.0,0.0,tradeable_reversal,tp_hit,tradeable_reversal,True,sl,-15.0,sl,-25.0,tp,15.0
pessimistic,100f4bae-b50c-49fb-9d88-b99ba0dd96bf,2025-06-12T13:30:30.676832+00:00,ny_rth,short,tradeable_reversal,0.68903608,0.24370969,0.06725423,0.68903608,0.68903608,"[0.60,0.70)",london_high,21863.25,v1,37.74135099999999,31.818048,0.17628607277289837,21847.0,False,True,25.0,0.0,tradeable_reversal,tp_hit,tradeable_reversal,True,sl,-15.0,sl,-25.0,tp,15.0
optimistic,4ec8c66d-2d86-423c-8e58-effc34dff2e1,2025-06-12T14:07:26.554379+00:00,ny_rth,short,trap_reversal,0.33529415,0.40784166,0.25686419,0.40784166,0.33529415,"[0.00,0.50)",asia_high,21894.25,v1,158.4804169999998,132.91759900000005,0.1771758436944938,21902.0,False,False,0.0,37.5,aggressive_blowthrough,sl_hit,aggressive_blowthrough,False,tp,15.0,tp,15.0,tp,15.0
pessimistic,4ec8c66d-2d86-423c-8e58-effc34dff2e1,2025-06-12T14:07:26.554379+00:00,ny_rth,short,trap_reversal,0.33529415,0.40784166,0.25686419,0.40784166,0.33529415,"[0.00,0.50)",asia_high,21894.25,v1,158.4804169999998,132.91759900000005,0.1771758436944938,21902.0,False,False,0.0,37.5,aggressive_blowthrough,sl_hit,aggressive_blowthrough,False,tp,15.0,tp,15.0,tp,15.0
optimistic,0ad4b0ed-9907-4f38-8a1e-fa4095ba8269,2025-06-13T04:00:00.362026+00:00,asia,long,aggressive_blowthrough,0.03413814,0.04557965,0.92028221,0.92028221,0.03413814,"[0.00,0.50)",pdl,21818.5,v1,299.9994349999997,0.0,0.0,21557.25,False,False,0.0,261.25,aggressive_blowthrough,sl_hit,aggressive_blowthrough,True,tp,15.0,tp,15.0,tp,15.0
pessimistic,0ad4b0ed-9907-4f38-8a1e-fa4095ba8269,2025-06-13T04:00:00.362026+00:00,asia,long,aggressive_blowthrough,0.03413814,0.04557965,0.92028221,0.92028221,0.03413814,"[0.00,0.50)",pdl,21818.5,v1,299.9994349999997,0.0,0.0,21557.25,False,False,0.0,261.25,aggressive_blowthrough,sl_hit,aggressive_blowthrough,True,tp,15.0,tp,15.0,tp,15.0
optimistic,4e033ff9-6d93-46d3-b90c-06d674f7d5bd,2025-06-13T05:00:02.763822+00:00,london,long,aggressive_blowthrough,0.03413814,0.04557965,0.92028221,0.92028221,0.03413814,"[0.00,0.50)",pdl,21818.5,v1,299.56848499999995,0.0,0.0,21535.75,False,False,0.0,282.75,aggressive_blowthrough,sl_hit,aggressive_blowthrough,True,sl,-15.0,tp,15.0,tp,15.0
pessimistic,4e033ff9-6d93-46d3-b90c-06d674f7d5bd,2025-06-13T05:00:02.763822+00:00,london,long,aggressive_blowthrough,0.03413814,0.04557965,0.92028221,0.92028221,0.03413814,"[0.00,0.50)",pdl,21818.5,v1,299.56848499999995,0.0,0.0,21535.75,False,False,0.0,282.75,aggressive_blowthrough,sl_hit,aggressive_blowthrough,True,sl,-15.0,tp,15.0,tp,15.0
optimistic,cbf61c0e-aa76-488b-aba7-b78fcccc5fa3,2025-06-13T12:00:00.236873+00:00,pre_market,long,aggressive_blowthrough,0.03413814,0.04557965,0.92028221,0.92028221,0.03413814,"[0.00,0.50)",pdl,21818.5,v1,299.999772,0.0,0.0,21669.25,False,False,0.0,149.25,aggressive_blowthrough,sl_hit,aggressive_blowthrough,True,tp,15.0,tp,15.0,tp,15.0
pessimistic,cbf61c0e-aa76-488b-aba7-b78fcccc5fa3,2025-06-13T12:00:00.236873+00:00,pre_market,long,aggressive_blowthrough,0.03413814,0.04557965,0.92028221,0.92028221,0.03413814,"[0.00,0.50)",pdl,21818.5,v1,299.999772,0.0,0.0,21669.25,False,False,0.0,149.25,aggressive_blowthrough,sl_hit,aggressive_blowthrough,True,tp,15.0,tp,15.0,tp,15.0
optimistic,c66b63c9-ffc4-4aeb-9e77-1ba41b2f822d,2025-06-13T13:30:00.000117+00:00,ny_rth,long,aggressive_blowthrough,0.03413814,0.04557965,0.92028221,0.92028221,0.03413814,"[0.00,0.50)",pdl,21818.5,v1,299.9991439999995,0.0,0.0,21764.25,False,False,0.0,54.25,aggressive_blowthrough,sl_hit,aggressive_blowthrough,True,sl,-15.0,sl,-25.0,sl,-30.0
pessimistic,c66b63c9-ffc4-4aeb-9e77-1ba41b2f822d,2025-06-13T13:30:00.000117+00:00,ny_rth,long,aggressive_blowthrough,0.03413814,0.04557965,0.92028221,0.92028221,0.03413814,"[0.00,0.50)",pdl,21818.5,v1,299.9991439999995,0.0,0.0,21764.25,False,False,0.0,54.25,aggressive_blowthrough,sl_hit,aggressive_blowthrough,True,sl,-15.0,sl,-25.0,sl,-30.0
optimistic,8732c1d7-03f3-4289-a2b9-44c761245576,2025-06-16T05:25:26.174440+00:00,london,short,aggressive_blowthrough,0.36190331,0.16696328,0.47113341,0.47113341,0.36190331,"[0.00,0.50)",asia_high,21938.0,v1,269.36020800000006,146.33018399999995,0.18719211822660098,21949.25,False,False,12.5,37.5,trap_reversal,sl_hit,trap_reversal,False,tp,15.0,tp,15.0,tp,15.0
pessimistic,8732c1d7-03f3-4289-a2b9-44c761245576,2025-06-16T05:25:26.174440+00:00,london,short,aggressive_blowthrough,0.36190331,0.16696328,0.47113341,0.47113341,0.36190331,"[0.00,0.50)",asia_high,21938.0,v1,269.36020800000006,146.33018399999995,0.18719211822660098,21949.25,False,False,12.5,37.5,trap_reversal,sl_hit,trap_reversal,False,tp,15.0,tp,15.0,tp,15.0
optimistic,b50ae5ee-b5bf-4b83-9645-605186e5397b,2025-06-16T12:00:00.387298+00:00,pre_market,short,aggressive_blowthrough,0.03413814,0.04557965,0.92028221,0.92028221,0.03413814,"[0.00,0.50)",asia_high,21938.0,v1,299.8341970000001,0.0,0.0,22029.25,False,False,0.0,91.25,aggressive_blowthrough,sl_hit,aggressive_blowthrough,True,sl,-15.0,sl,-25.0,sl,-30.0
pessimistic,b50ae5ee-b5bf-4b83-9645-605186e5397b,2025-06-16T12:00:00.387298+00:00,pre_market,short,aggressive_blowthrough,0.03413814,0.04557965,0.92028221,0.92028221,0.03413814,"[0.00,0.50)",asia_high,21938.0,v1,299.8341970000001,0.0,0.0,22029.25,False,False,0.0,91.25,aggressive_blowthrough,sl_hit,aggressive_blowthrough,True,sl,-15.0,sl,-25.0,sl,-30.0
optimistic,0b0670e8-902b-4222-b9a9-bebc39533b24,2025-06-16T13:30:00.005086+00:00,ny_rth,short,aggressive_blowthrough,0.03413814,0.04557965,0.92028221,0.92028221,0.03413814,"[0.00,0.50)",asia_high,21938.0,v1,299.9999999999998,0.0,0.0,22070.25,False,False,0.0,132.25,aggressive_blowthrough,sl_hit,aggressive_blowthrough,True,tp,15.0,tp,15.0,tp,15.0
pessimistic,0b0670e8-902b-4222-b9a9-bebc39533b24,2025-06-16T13:30:00.005086+00:00,ny_rth,short,aggressive_blowthrough,0.03413814,0.04557965,0.92028221,0.92028221,0.03413814,"[0.00,0.50)",asia_high,21938.0,v1,299.9999999999998,0.0,0.0,22070.25,False,False,0.0,132.25,aggressive_blowthrough,sl_hit,aggressive_blowthrough,True,tp,15.0,tp,15.0,tp,15.0
optimistic,cfa4e07a-1592-4200-aa05-91770dcb0592,2025-06-17T07:25:17.871995+00:00,london,long,tradeable_reversal,0.76582351,0.1795491,0.05462739,0.76582351,0.76582351,"[0.70,0.80)",pdl,22014.0,v1,44.532740999999994,23.681879000000002,0.12532637075718014,22027.0,False,False,25.0,0.0,tradeable_reversal,tp_hit,tradeable_reversal,True,sl,-15.0,tp,15.0,tp,15.0
pessimistic,cfa4e07a-1592-4200-aa05-91770dcb0592,2025-06-17T07:25:17.871995+00:00,london,long,tradeable_reversal,0.76582351,0.1795491,0.05462739,0.76582351,0.76582351,"[0.70,0.80)",pdl,22014.0,v1,44.532740999999994,23.681879000000002,0.12532637075718014,22027.0,False,False,25.0,0.0,tradeable_reversal,tp_hit,tradeable_reversal,True,sl,-15.0,tp,15.0,tp,15.0
optimistic,da0c7f1e-793d-41aa-ac7b-9e2faf866968,2025-06-17T14:12:03.104620+00:00,ny_rth,short,trap_reversal,0.34399477,0.52019397,0.13581126,0.52019397,0.34399477,"[0.00,0.50)",london_high,22122.25,v1,137.10075399999982,84.1367439999999,0.19067475360121305,22124.5,False,False,25.0,8.0,tradeable_reversal,tp_hit,tradeable_reversal,False,tp,15.0,tp,15.0,tp,15.0
pessimistic,da0c7f1e-793d-41aa-ac7b-9e2faf866968,2025-06-17T14:12:03.104620+00:00,ny_rth,short,trap_reversal,0.34399477,0.52019397,0.13581126,0.52019397,0.34399477,"[0.00,0.50)",london_high,22122.25,v1,137.10075399999982,84.1367439999999,0.19067475360121305,22124.5,False,False,25.0,8.0,tradeable_reversal,tp_hit,tradeable_reversal,False,tp,15.0,tp,15.0,tp,15.0
optimistic,a2853a15-21a2-4c74-aa41-494486be1b56,2025-06-17T17:29:58.580886+00:00,ny_rth,long,tradeable_reversal,0.56800701,0.36462569,0.0673673,0.56800701,0.56800701,"[0.50,0.60)",pdl,22014.0,v1,69.30169400000005,40.70819,0.06595246066287244,22034.5,False,True,25.0,0.0,tradeable_reversal,tp_hit,tradeable_reversal,True,sl,-15.0,sl,-25.0,sl,-30.0
pessimistic,a2853a15-21a2-4c74-aa41-494486be1b56,2025-06-17T17:29:58.580886+00:00,ny_rth,long,tradeable_reversal,0.56800701,0.36462569,0.0673673,0.56800701,0.56800701,"[0.50,0.60)",pdl,22014.0,v1,69.30169400000005,40.70819,0.06595246066287244,22034.5,False,True,25.0,0.0,tradeable_reversal,tp_hit,tradeable_reversal,True,sl,-15.0,sl,-25.0,sl,-30.0
optimistic,47afdda5-545c-4d94-8a9c-c3f2c4308b5b,2025-06-18T06:11:31.486183+00:00,london,short,trap_reversal,0.41522326,0.5002605,0.08451625,0.5002605,0.41522326,"[0.00,0.50)",asia_high,22010.75,v1,73.848141,178.09072300000008,0.5263157894736842,22003.25,False,False,16.75,37.5,trap_reversal,sl_hit,trap_reversal,True,sl,-15.0,sl,-25.0,sl,-30.0
pessimistic,47afdda5-545c-4d94-8a9c-c3f2c4308b5b,2025-06-18T06:11:31.486183+00:00,london,short,trap_reversal,0.41522326,0.5002605,0.08451625,0.5002605,0.41522326,"[0.00,0.50)",asia_high,22010.75,v1,73.848141,178.09072300000008,0.5263157894736842,22003.25,False,False,16.75,37.5,trap_reversal,sl_hit,trap_reversal,True,sl,-15.0,sl,-25.0,sl,-30.0
optimistic,6c2c52e8-f894-4fa5-82f4-ece9bbb07563,2025-06-18T12:15:16.388933+00:00,pre_market,short,tradeable_reversal,0.51454121,0.4163119,0.06914689,0.51454121,0.51454121,"[0.50,0.60)",asia_high,22010.75,v1,103.36320300000007,33.433946000000006,0.10027855153203342,22000.75,False,False,25.25,1.0,tradeable_reversal,tp_hit,tradeable_reversal,True,sl,-15.0,tp,15.0,tp,15.0
pessimistic,6c2c52e8-f894-4fa5-82f4-ece9bbb07563,2025-06-18T12:15:16.388933+00:00,pre_market,short,tradeable_reversal,0.51454121,0.4163119,0.06914689,0.51454121,0.51454121,"[0.50,0.60)",asia_high,22010.75,v1,103.36320300000007,33.433946000000006,0.10027855153203342,22000.75,False,False,25.25,1.0,tradeable_reversal,tp_hit,tradeable_reversal,True,sl,-15.0,tp,15.0,tp,15.0
optimistic,c65588bb-33a7-4e02-b5d3-6e2f86d439b0,2025-06-18T13:32:40.100464+00:00,ny_rth,long,aggressive_blowthrough,0.10387026,0.29904929,0.59708045,0.59708045,0.10387026,"[0.00,0.50)",london_low,21952.0,v1,295.78110300000003,13.21814,0.02350052613118204,21947.25,False,False,25.0,4.75,tradeable_reversal,tp_hit,tradeable_reversal,False,sl,-15.0,tp,15.0,tp,15.0
pessimistic,c65588bb-33a7-4e02-b5d3-6e2f86d439b0,2025-06-18T13:32:40.100464+00:00,ny_rth,long,aggressive_blowthrough,0.10387026,0.29904929,0.59708045,0.59708045,0.10387026,"[0.00,0.50)",london_low,21952.0,v1,295.78110300000003,13.21814,0.02350052613118204,21947.25,False,False,25.0,4.75,tradeable_reversal,tp_hit,tradeable_reversal,False,sl,-15.0,tp,15.0,tp,15.0
optimistic,b2139803-240f-4cbb-b7d7-ae4e8cae405f,2025-06-18T13:50:59.192332+00:00,ny_rth,short,trap_reversal,0.39745454,0.5039556,0.09858986,0.5039556,0.39745454,"[0.00,0.50)",asia_high,22010.75,v1,147.55855800000006,29.256525999999987,0.08014142604596347,22007.25,False,False,25.0,4.0,tradeable_reversal,tp_hit,tradeable_reversal,False,sl,-15.0,tp,15.0,tp,15.0
pessimistic,b2139803-240f-4cbb-b7d7-ae4e8cae405f,2025-06-18T13:50:59.192332+00:00,ny_rth,short,trap_reversal,0.39745454,0.5039556,0.09858986,0.5039556,0.39745454,"[0.00,0.50)",asia_high,22010.75,v1,147.55855800000006,29.256525999999987,0.08014142604596347,22007.25,False,False,25.0,4.0,tradeable_reversal,tp_hit,tradeable_reversal,False,sl,-15.0,tp,15.0,tp,15.0
optimistic,189a1d94-bda9-4ff0-881f-272a666dc5fe,2025-06-18T14:20:03.525814+00:00,ny_rth,short,trap_reversal,0.30711595,0.50055495,0.1923291,0.50055495,0.30711595,"[0.00,0.50)",london_high,22066.25,v1,176.25149299999978,101.21967300000007,0.14285714285714285,22069.0,False,False,25.0,31.5,tradeable_reversal,tp_hit,tradeable_reversal,False,sl,-15.0,sl,-25.0,tp,15.0
pessimistic,189a1d94-bda9-4ff0-881f-272a666dc5fe,2025-06-18T14:20:03.525814+00:00,ny_rth,short,trap_reversal,0.30711595,0.50055495,0.1923291,0.50055495,0.30711595,"[0.00,0.50)",london_high,22066.25,v1,176.25149299999978,101.21967300000007,0.14285714285714285,22069.0,False,False,25.0,31.5,tradeable_reversal,tp_hit,tradeable_reversal,False,sl,-15.0,sl,-25.0,tp,15.0
optimistic,e4bb316c-e218-4ae6-8a36-037d49ae6527,2025-06-18T18:57:09.603527+00:00,ny_rth,long,trap_reversal,0.32878884,0.55394364,0.11726752,0.55394364,0.32878884,"[0.00,0.50)",pdl,21909.5,v1,150.2518599999998,37.964324000000026,0.0724486241727621,21913.5,False,False,25.0,3.25,tradeable_reversal,tp_hit,tradeable_reversal,False,sl,-15.0,tp,15.0,tp,15.0
pessimistic,e4bb316c-e218-4ae6-8a36-037d49ae6527,2025-06-18T18:57:09.603527+00:00,ny_rth,long,trap_reversal,0.32878884,0.55394364,0.11726752,0.55394364,0.32878884,"[0.00,0.50)",pdl,21909.5,v1,150.2518599999998,37.964324000000026,0.0724486241727621,21913.5,False,False,25.0,3.25,tradeable_reversal,tp_hit,tradeable_reversal,False,sl,-15.0,tp,15.0,tp,15.0
optimistic,c5f7bdd4-6b2c-4e5a-a159-ec016b96d997,2025-06-19T04:00:13.340427+00:00,asia,long,trap_reversal,0.37921562,0.52020265,0.10058173,0.52020265,0.37921562,"[0.00,0.50)",pdl,21882.25,v1,1.156741,156.91249,1.0,21882.75,False,False,21.25,38.0,trap_reversal,sl_hit,trap_reversal,True,tp,15.0,tp,15.0,tp,15.0
pessimistic,c5f7bdd4-6b2c-4e5a-a159-ec016b96d997,2025-06-19T04:00:13.340427+00:00,asia,long,trap_reversal,0.37921562,0.52020265,0.10058173,0.52020265,0.37921562,"[0.00,0.50)",pdl,21882.25,v1,1.156741,156.91249,1.0,21882.75,False,False,21.25,38.0,trap_reversal,sl_hit,trap_reversal,True,tp,15.0,tp,15.0,tp,15.0
optimistic,295a889b-26fe-47de-bef5-883ce47556da,2025-06-19T05:13:08.125987+00:00,london,long,tradeable_reversal,0.48255469,0.41670489,0.10074042,0.48255469,0.48255469,"[0.00,0.50)",pdl,21882.25,v1,95.35874199999996,221.56235099999992,0.32038834951456313,21886.75,False,False,6.75,38.0,trap_reversal,sl_hit,trap_reversal,False,sl,-15.0,sl,-25.0,sl,-30.0
pessimistic,295a889b-26fe-47de-bef5-883ce47556da,2025-06-19T05:13:08.125987+00:00,london,long,tradeable_reversal,0.48255469,0.41670489,0.10074042,0.48255469,0.48255469,"[0.00,0.50)",pdl,21882.25,v1,95.35874199999996,221.56235099999992,0.32038834951456313,21886.75,False,False,6.75,38.0,trap_reversal,sl_hit,trap_reversal,False,sl,-15.0,sl,-25.0,sl,-30.0
optimistic,fcf736f9-7552-4e1a-bf16-3fb847b38bf7,2025-06-19T07:56:37.051495+00:00,london,long,tradeable_reversal,0.60215627,0.31349484,0.08434888,0.60215627,0.60215627,"[0.60,0.70)",asia_low,21790.0,v1,35.708778999999986,44.30204199999998,0.3155080213903743,21819.25,False,False,29.25,0.0,tradeable_reversal,tp_hit,tradeable_reversal,True,sl,-15.0,sl,-25.0,sl,-30.0
pessimistic,fcf736f9-7552-4e1a-bf16-3fb847b38bf7,2025-06-19T07:56:37.051495+00:00,london,long,tradeable_reversal,0.60215627,0.31349484,0.08434888,0.60215627,0.60215627,"[0.60,0.70)",asia_low,21790.0,v1,35.708778999999986,44.30204199999998,0.3155080213903743,21819.25,False,False,29.25,0.0,tradeable_reversal,tp_hit,tradeable_reversal,True,sl,-15.0,sl,-25.0,sl,-30.0
optimistic,72e56b78-4526-4d5c-ad1b-31ce881a0932,2025-06-19T12:00:00.545406+00:00,pre_market,long,aggressive_blowthrough,0.03413814,0.04557965,0.92028221,0.92028221,0.03413814,"[0.00,0.50)",pdl,21882.25,v1,299.45976999999993,0.0,0.0,21795.75,False,False,0.0,86.5,aggressive_blowthrough,sl_hit,aggressive_blowthrough,True,tp,15.0,tp,15.0,tp,15.0
pessimistic,72e56b78-4526-4d5c-ad1b-31ce881a0932,2025-06-19T12:00:00.545406+00:00,pre_market,long,aggressive_blowthrough,0.03413814,0.04557965,0.92028221,0.92028221,0.03413814,"[0.00,0.50)",pdl,21882.25,v1,299.45976999999993,0.0,0.0,21795.75,False,False,0.0,86.5,aggressive_blowthrough,sl_hit,aggressive_blowthrough,True,tp,15.0,tp,15.0,tp,15.0
optimistic,202c2ce5-3841-43c6-9168-181f4ac38d7c,2025-06-19T12:05:36.087832+00:00,pre_market,long,trap_reversal,0.41453377,0.42748633,0.1579799,0.42748633,0.41453377,"[0.00,0.50)",asia_low,21790.0,v1,0.0,97.97637899999998,1.0,21800.25,False,False,25.5,0.0,tradeable_reversal,tp_hit,tradeable_reversal,False,tp,15.0,tp,15.0,tp,15.0
pessimistic,202c2ce5-3841-43c6-9168-181f4ac38d7c,2025-06-19T12:05:36.087832+00:00,pre_market,long,trap_reversal,0.41453377,0.42748633,0.1579799,0.42748633,0.41453377,"[0.00,0.50)",asia_low,21790.0,v1,0.0,97.97637899999998,1.0,21800.25,False,False,25.5,0.0,tradeable_reversal,tp_hit,tradeable_reversal,False,tp,15.0,tp,15.0,tp,15.0
optimistic,6f2990af-ee0f-4a4e-ae84-a2d8314aa357,2025-06-19T12:43:34.957908+00:00,pre_market,long,aggressive_blowthrough,0.22370044,0.26642405,0.50987552,0.50987552,0.22370044,"[0.00,0.50)",london_low,21782.75,v1,292.81449399999997,25.483536999999995,0.05178365937859609,21767.0,False,False,0.0,37.5,aggressive_blowthrough,sl_hit,aggressive_blowthrough,True,tp,15.0,tp,15.0,tp,15.0
pessimistic,6f2990af-ee0f-4a4e-ae84-a2d8314aa357,2025-06-19T12:43:34.957908+00:00,pre_market,long,aggressive_blowthrough,0.22370044,0.26642405,0.50987552,0.50987552,0.22370044,"[0.00,0.50)",london_low,21782.75,v1,292.81449399999997,25.483536999999995,0.05178365937859609,21767.0,False,False,0.0,37.5,aggressive_blowthrough,sl_hit,aggressive_blowthrough,True,tp,15.0,tp,15.0,tp,15.0
optimistic,33d2357b-b416-4675-bd36-c838e8004dcc,2025-06-19T13:30:00.293145+00:00,ny_rth,long,aggressive_blowthrough,0.03413814,0.04557965,0.92028221,0.92028221,0.03413814,"[0.00,0.50)",asia_low,21790.0,v1,299.76117599999975,0.0,0.0,21754.75,False,False,0.0,37.5,aggressive_blowthrough,sl_hit,aggressive_blowthrough,True,tp,15.0,tp,15.0,tp,15.0
pessimistic,33d2357b-b416-4675-bd36-c838e8004dcc,2025-06-19T13:30:00.293145+00:00,ny_rth,long,aggressive_blowthrough,0.03413814,0.04557965,0.92028221,0.92028221,0.03413814,"[0.00,0.50)",asia_low,21790.0,v1,299.76117599999975,0.0,0.0,21754.75,False,False,0.0,37.5,aggressive_blowthrough,sl_hit,aggressive_blowthrough,True,tp,15.0,tp,15.0,tp,15.0
optimistic,6c876788-ed5f-436b-84c3-7fb828fcf256,2025-06-20T04:00:09.492924+00:00,asia,short,aggressive_blowthrough,0.03435103,0.0461861,0.91946287,0.91946287,0.03435103,"[0.00,0.50)",pdh,21786.75,v1,296.3728630000001,0.0,0.0,21899.5,False,False,0.0,112.75,aggressive_blowthrough,sl_hit,aggressive_blowthrough,True,sl,-15.0,sl,-25.0,sl,-30.0
pessimistic,6c876788-ed5f-436b-84c3-7fb828fcf256,2025-06-20T04:00:09.492924+00:00,asia,short,aggressive_blowthrough,0.03435103,0.0461861,0.91946287,0.91946287,0.03435103,"[0.00,0.50)",pdh,21786.75,v1,296.3728630000001,0.0,0.0,21899.5,False,False,0.0,112.75,aggressive_blowthrough,sl_hit,aggressive_blowthrough,True,sl,-15.0,sl,-25.0,sl,-30.0
optimistic,7e213ab9-7501-4eb7-a80c-93032a66d980,2025-06-20T05:00:00.288105+00:00,london,short,aggressive_blowthrough,0.03413814,0.04557965,0.92028221,0.92028221,0.03413814,"[0.00,0.50)",pdh,21786.75,v1,299.490397,0.0,0.0,21903.75,False,False,0.0,117.0,aggressive_blowthrough,sl_hit,aggressive_blowthrough,True,sl,-15.0,sl,-25.0,sl,-30.0
pessimistic,7e213ab9-7501-4eb7-a80c-93032a66d980,2025-06-20T05:00:00.288105+00:00,london,short,aggressive_blowthrough,0.03413814,0.04557965,0.92028221,0.92028221,0.03413814,"[0.00,0.50)",pdh,21786.75,v1,299.490397,0.0,0.0,21903.75,False,False,0.0,117.0,aggressive_blowthrough,sl_hit,aggressive_blowthrough,True,sl,-15.0,sl,-25.0,sl,-30.0
optimistic,1d7a4673-26f2-43e0-b897-2709ca369fac,2025-06-20T06:05:43.028854+00:00,london,short,tradeable_reversal,0.37346719,0.31552427,0.31100854,0.37346719,0.37346719,"[0.00,0.50)",asia_high,21930.25,v1,191.43036899999998,204.3795519999999,0.21271393643031786,21931.5,False,False,25.25,14.5,tradeable_reversal,tp_hit,tradeable_reversal,True,tp,15.0,tp,15.0,tp,15.0
pessimistic,1d7a4673-26f2-43e0-b897-2709ca369fac,2025-06-20T06:05:43.028854+00:00,london,short,tradeable_reversal,0.37346719,0.31552427,0.31100854,0.37346719,0.37346719,"[0.00,0.50)",asia_high,21930.25,v1,191.43036899999998,204.3795519999999,0.21271393643031786,21931.5,False,False,25.25,14.5,tradeable_reversal,tp_hit,tradeable_reversal,True,tp,15.0,tp,15.0,tp,15.0
optimistic,68f10c62-2f2d-46bd-bed5-11869416d86b,2025-06-20T12:00:00.004027+00:00,pre_market,short,aggressive_blowthrough,0.03413814,0.04557965,0.92028221,0.92028221,0.03413814,"[0.00,0.50)",pdh,21786.75,v1,299.99969400000026,0.0,0.0,21985.25,False,False,0.0,198.5,aggressive_blowthrough,sl_hit,aggressive_blowthrough,True,tp,15.0,tp,15.0,tp,15.0
pessimistic,68f10c62-2f2d-46bd-bed5-11869416d86b,2025-06-20T12:00:00.004027+00:00,pre_market,short,aggressive_blowthrough,0.03413814,0.04557965,0.92028221,0.92028221,0.03413814,"[0.00,0.50)",pdh,21786.75,v1,299.99969400000026,0.0,0.0,21985.25,False,False,0.0,198.5,aggressive_blowthrough,sl_hit,aggressive_blowthrough,True,tp,15.0,tp,15.0,tp,15.0
optimistic,212b431b-6398-448a-ace6-dfff42de7421,2025-06-20T12:33:23.786266+00:00,pre_market,short,trap_reversal,0.3569712,0.55376927,0.08925953,0.55376927,0.3569712,"[0.00,0.50)",london_high,22006.0,v1,121.6091140000001,91.28980300000005,0.11863313990973566,22004.0,False,False,8.5,37.5,trap_reversal,sl_hit,trap_reversal,True,tp,15.0,tp,15.0,tp,15.0
pessimistic,212b431b-6398-448a-ace6-dfff42de7421,2025-06-20T12:33:23.786266+00:00,pre_market,short,trap_reversal,0.3569712,0.55376927,0.08925953,0.55376927,0.3569712,"[0.00,0.50)",london_high,22006.0,v1,121.6091140000001,91.28980300000005,0.11863313990973566,22004.0,False,False,8.5,37.5,trap_reversal,sl_hit,trap_reversal,True,tp,15.0,tp,15.0,tp,15.0
optimistic,ad0384cb-205c-43a7-88a8-36cb5da821b3,2025-06-20T13:30:00.000448+00:00,ny_rth,short,aggressive_blowthrough,0.03413814,0.04557965,0.92028221,0.92028221,0.03413814,"[0.00,0.50)",pdh,21786.75,v1,299.99908699999963,0.0,0.0,22089.75,False,False,0.0,303.0,aggressive_blowthrough,sl_hit,aggressive_blowthrough,True,tp,15.0,tp,15.0,tp,15.0
pessimistic,ad0384cb-205c-43a7-88a8-36cb5da821b3,2025-06-20T13:30:00.000448+00:00,ny_rth,short,aggressive_blowthrough,0.03413814,0.04557965,0.92028221,0.92028221,0.03413814,"[0.00,0.50)",pdh,21786.75,v1,299.99908699999963,0.0,0.0,22089.75,False,False,0.0,303.0,aggressive_blowthrough,sl_hit,aggressive_blowthrough,True,tp,15.0,tp,15.0,tp,15.0
optimistic,401d7cd3-91e2-4c27-8114-e0c53b295d63,2025-06-20T14:45:52.431960+00:00,ny_rth,long,trap_reversal,0.20649758,0.51803954,0.27546288,0.51803954,0.20649758,"[0.00,0.50)",london_low,21859.0,v1,219.50313000000082,41.785441000000006,0.03927688906229679,21823.5,False,False,0.0,37.5,aggressive_blowthrough,sl_hit,aggressive_blowthrough,False,tp,15.0,tp,15.0,tp,15.0
pessimistic,401d7cd3-91e2-4c27-8114-e0c53b295d63,2025-06-20T14:45:52.431960+00:00,ny_rth,long,trap_reversal,0.20649758,0.51803954,0.27546288,0.51803954,0.20649758,"[0.00,0.50)",london_low,21859.0,v1,219.50313000000082,41.785441000000006,0.03927688906229679,21823.5,False,False,0.0,37.5,aggressive_blowthrough,sl_hit,aggressive_blowthrough,False,tp,15.0,tp,15.0,tp,15.0
optimistic,e645e0dc-9a24-477f-a60e-1ef41311a089,2025-06-23T05:08:10.384111+00:00,london,short,aggressive_blowthrough,0.15578701,0.34202619,0.5021868,0.5021868,0.15578701,"[0.00,0.50)",asia_high,21787.0,v1,298.5818579999998,48.598805,0.015180265654648957,21809.25,False,False,0.0,37.5,aggressive_blowthrough,sl_hit,aggressive_blowthrough,True,tp,15.0,tp,15.0,tp,15.0
pessimistic,e645e0dc-9a24-477f-a60e-1ef41311a089,2025-06-23T05:08:10.384111+00:00,london,short,aggressive_blowthrough,0.15578701,0.34202619,0.5021868,0.5021868,0.15578701,"[0.00,0.50)",asia_high,21787.0,v1,298.5818579999998,48.598805,0.015180265654648957,21809.25,False,False,0.0,37.5,aggressive_blowthrough,sl_hit,aggressive_blowthrough,True,tp,15.0,tp,15.0,tp,15.0
optimistic,e04b4d18-3c9e-4b10-8990-1fc2a01a8268,2025-06-23T12:00:00.009022+00:00,pre_market,short,aggressive_blowthrough,0.03413814,0.04557965,0.92028221,0.92028221,0.03413814,"[0.00,0.50)",asia_high,21787.0,v1,299.99773099999993,0.0,0.0,21839.5,False,False,0.0,52.5,aggressive_blowthrough,sl_hit,aggressive_blowthrough,True,tp,15.0,tp,15.0,tp,15.0
pessimistic,e04b4d18-3c9e-4b10-8990-1fc2a01a8268,2025-06-23T12:00:00.009022+00:00,pre_market,short,aggressive_blowthrough,0.03413814,0.04557965,0.92028221,0.92028221,0.03413814,"[0.00,0.50)",asia_high,21787.0,v1,299.99773099999993,0.0,0.0,21839.5,False,False,0.0,52.5,aggressive_blowthrough,sl_hit,aggressive_blowthrough,True,tp,15.0,tp,15.0,tp,15.0
optimistic,a721b7f8-c0e5-427b-a19d-2ab884857af0,2025-06-23T13:30:00.001171+00:00,ny_rth,short,trap_reversal,0.11597232,0.70284603,0.18118165,0.70284603,0.11597232,"[0.00,0.50)",asia_high,21787.0,v1,221.2001130000007,20.92919699999998,0.024361585461381795,21784.5,False,False,12.5,37.5,trap_reversal,sl_hit,trap_reversal,True,sl,-15.0,sl,-25.0,sl,-30.0
pessimistic,a721b7f8-c0e5-427b-a19d-2ab884857af0,2025-06-23T13:30:00.001171+00:00,ny_rth,short,trap_reversal,0.11597232,0.70284603,0.18118165,0.70284603,0.11597232,"[0.00,0.50)",asia_high,21787.0,v1,221.2001130000007,20.92919699999998,0.024361585461381795,21784.5,False,False,12.5,37.5,trap_reversal,sl_hit,trap_reversal,True,sl,-15.0,sl,-25.0,sl,-30.0
optimistic,7e104a34-11e8-4088-9595-74634d0a2f40,2025-06-23T14:00:07.668028+00:00,ny_rth,short,aggressive_blowthrough,0.19959036,0.37372794,0.4266817,0.4266817,0.19959036,"[0.00,0.50)",london_high,21944.25,v1,232.84563000000026,45.33230300000002,0.068504695400915,21963.75,False,False,0.0,37.5,aggressive_blowthrough,sl_hit,aggressive_blowthrough,True,tp,15.0,tp,15.0,tp,15.0
pessimistic,7e104a34-11e8-4088-9595-74634d0a2f40,2025-06-23T14:00:07.668028+00:00,ny_rth,short,aggressive_blowthrough,0.19959036,0.37372794,0.4266817,0.4266817,0.19959036,"[0.00,0.50)",london_high,21944.25,v1,232.84563000000026,45.33230300000002,0.068504695400915,21963.75,False,False,0.0,37.5,aggressive_blowthrough,sl_hit,aggressive_blowthrough,True,tp,15.0,tp,15.0,tp,15.0
optimistic,6caee983-68ca-47bf-8533-f881a4855a83,2025-06-24T04:00:00.996232+00:00,asia,short,aggressive_blowthrough,0.03413814,0.04557965,0.92028221,0.92028221,0.03413814,"[0.00,0.50)",pdh,22093.0,v1,300.00000000000006,0.0,0.0,22244.75,False,False,0.0,151.75,aggressive_blowthrough,sl_hit,aggressive_blowthrough,True,tp,15.0,tp,15.0,tp,15.0
pessimistic,6caee983-68ca-47bf-8533-f881a4855a83,2025-06-24T04:00:00.996232+00:00,asia,short,aggressive_blowthrough,0.03413814,0.04557965,0.92028221,0.92028221,0.03413814,"[0.00,0.50)",pdh,22093.0,v1,300.00000000000006,0.0,0.0,22244.75,False,False,0.0,151.75,aggressive_blowthrough,sl_hit,aggressive_blowthrough,True,tp,15.0,tp,15.0,tp,15.0
optimistic,bcaf6374-d82f-4b72-a5e1-87a02ba78c06,2025-06-24T05:00:00.689975+00:00,london,short,aggressive_blowthrough,0.03413814,0.04557965,0.92028221,0.92028221,0.03413814,"[0.00,0.50)",pdh,22093.0,v1,299.51354399999997,0.0,0.0,22246.5,False,False,0.0,153.5,aggressive_blowthrough,sl_hit,aggressive_blowthrough,True,sl,-15.0,sl,-25.0,sl,-30.0
pessimistic,bcaf6374-d82f-4b72-a5e1-87a02ba78c06,2025-06-24T05:00:00.689975+00:00,london,short,aggressive_blowthrough,0.03413814,0.04557965,0.92028221,0.92028221,0.03413814,"[0.00,0.50)",pdh,22093.0,v1,299.51354399999997,0.0,0.0,22246.5,False,False,0.0,153.5,aggressive_blowthrough,sl_hit,aggressive_blowthrough,True,sl,-15.0,sl,-25.0,sl,-30.0
optimistic,32696f42-d232-4fdc-83bf-a49d42f67b7f,2025-06-24T05:34:13.093317+00:00,london,short,aggressive_blowthrough,0.03391277,0.04506331,0.92102392,0.92102392,0.03391277,"[0.00,0.50)",asia_high,22271.5,v1,299.9963580000004,0.003642,0.004803843074459567,22284.75,False,False,0.0,37.5,aggressive_blowthrough,sl_hit,aggressive_blowthrough,True,sl,-15.0,sl,-25.0,sl,-30.0
pessimistic,32696f42-d232-4fdc-83bf-a49d42f67b7f,2025-06-24T05:34:13.093317+00:00,london,short,aggressive_blowthrough,0.03391277,0.04506331,0.92102392,0.92102392,0.03391277,"[0.00,0.50)",asia_high,22271.5,v1,299.9963580000004,0.003642,0.004803843074459567,22284.75,False,False,0.0,37.5,aggressive_blowthrough,sl_hit,aggressive_blowthrough,True,sl,-15.0,sl,-25.0,sl,-30.0
optimistic,7c6ba06f-4f39-4ab1-bbc7-710d44f02fa0,2025-06-24T12:00:00.008384+00:00,pre_market,short,aggressive_blowthrough,0.03413814,0.04557965,0.92028221,0.92028221,0.03413814,"[0.00,0.50)",pdh,22093.0,v1,299.9870600000001,0.0,0.0,22304.0,False,False,0.0,211.0,aggressive_blowthrough,sl_hit,aggressive_blowthrough,True,tp,15.0,tp,15.0,tp,15.0
pessimistic,7c6ba06f-4f39-4ab1-bbc7-710d44f02fa0,2025-06-24T12:00:00.008384+00:00,pre_market,short,aggressive_blowthrough,0.03413814,0.04557965,0.92028221,0.92028221,0.03413814,"[0.00,0.50)",pdh,22093.0,v1,299.9870600000001,0.0,0.0,22304.0,False,False,0.0,211.0,aggressive_blowthrough,sl_hit,aggressive_blowthrough,True,tp,15.0,tp,15.0,tp,15.0
optimistic,c5fb3b1e-b872-4ef3-ac14-d83193326bc9,2025-06-24T13:30:00.001053+00:00,ny_rth,short,aggressive_blowthrough,0.03413814,0.04557965,0.92028221,0.92028221,0.03413814,"[0.00,0.50)",pdh,22093.0,v1,299.9984709999997,0.0,0.0,22295.0,False,False,0.0,202.0,aggressive_blowthrough,sl_hit,aggressive_blowthrough,True,tp,15.0,tp,15.0,tp,15.0
pessimistic,c5fb3b1e-b872-4ef3-ac14-d83193326bc9,2025-06-24T13:30:00.001053+00:00,ny_rth,short,aggressive_blowthrough,0.03413814,0.04557965,0.92028221,0.92028221,0.03413814,"[0.00,0.50)",pdh,22093.0,v1,299.9984709999997,0.0,0.0,22295.0,False,False,0.0,202.0,aggressive_blowthrough,sl_hit,aggressive_blowthrough,True,tp,15.0,tp,15.0,tp,15.0
optimistic,cc6a7e1e-fc49-41f8-9d13-880b6d874938,2025-06-24T15:46:16.266136+00:00,ny_rth,short,tradeable_reversal,0.47797799,0.44478904,0.07723297,0.47797799,0.47797799,"[0.00,0.50)",london_high,22384.5,v1,32.590441999999996,87.75740099999997,0.4476003917727718,22382.0,False,True,25.0,0.0,tradeable_reversal,tp_hit,tradeable_reversal,True,tp,15.0,tp,15.0,tp,15.0
pessimistic,cc6a7e1e-fc49-41f8-9d13-880b6d874938,2025-06-24T15:46:16.266136+00:00,ny_rth,short,tradeable_reversal,0.47797799,0.44478904,0.07723297,0.47797799,0.47797799,"[0.00,0.50)",london_high,22384.5,v1,32.590441999999996,87.75740099999997,0.4476003917727718,22382.0,False,True,25.0,0.0,tradeable_reversal,tp_hit,tradeable_reversal,True,tp,15.0,tp,15.0,tp,15.0
optimistic,413b9b87-0094-4c9a-b813-b74a59235e3f,2025-06-25T05:23:50.407266+00:00,london,short,trap_reversal,0.38345888,0.5293898,0.08715132,0.5293898,0.38345888,"[0.00,0.50)",asia_high,22434.75,v1,13.06121,120.00907700000003,0.9113924050632911,22434.0,False,False,25.0,2.0,tradeable_reversal,tp_hit,tradeable_reversal,False,tp,15.0,tp,15.0,tp,15.0
pessimistic,413b9b87-0094-4c9a-b813-b74a59235e3f,2025-06-25T05:23:50.407266+00:00,london,short,trap_reversal,0.38345888,0.5293898,0.08715132,0.5293898,0.38345888,"[0.00,0.50)",asia_high,22434.75,v1,13.06121,120.00907700000003,0.9113924050632911,22434.0,False,False,25.0,2.0,tradeable_reversal,tp_hit,tradeable_reversal,False,tp,15.0,tp,15.0,tp,15.0
optimistic,babd13bf-cb15-4b13-af00-760658f7565f,2025-06-25T09:20:45.496285+00:00,london,short,tradeable_reversal,0.53957852,0.37810744,0.08231404,0.53957852,0.53957852,"[0.50,0.60)",pdh,22448.25,v1,48.768356,66.878528,0.23728813559322035,22446.0,False,False,25.0,0.0,tradeable_reversal,tp_hit,tradeable_reversal,True,tp,15.0,tp,15.0,tp,15.0
pessimistic,babd13bf-cb15-4b13-af00-760658f7565f,2025-06-25T09:20:45.496285+00:00,london,short,tradeable_reversal,0.53957852,0.37810744,0.08231404,0.53957852,0.53957852,"[0.50,0.60)",pdh,22448.25,v1,48.768356,66.878528,0.23728813559322035,22446.0,False,False,25.0,0.0,tradeable_reversal,tp_hit,tradeable_reversal,True,tp,15.0,tp,15.0,tp,15.0
optimistic,cad90e56-8ebd-407d-81ec-81b99cae8f4a,2025-06-25T12:00:00.000955+00:00,pre_market,short,aggressive_blowthrough,0.03413814,0.04557965,0.92028221,0.92028221,0.03413814,"[0.00,0.50)",asia_high,22434.75,v1,299.99887500000006,0.0,0.0,22485.0,False,False,0.0,50.25,aggressive_blowthrough,sl_hit,aggressive_blowthrough,True,sl,-15.0,sl,-25.0,sl,-30.0
pessimistic,cad90e56-8ebd-407d-81ec-81b99cae8f4a,2025-06-25T12:00:00.000955+00:00,pre_market,short,aggressive_blowthrough,0.03413814,0.04557965,0.92028221,0.92028221,0.03413814,"[0.00,0.50)",asia_high,22434.75,v1,299.99887500000006,0.0,0.0,22485.0,False,False,0.0,50.25,aggressive_blowthrough,sl_hit,aggressive_blowthrough,True,sl,-15.0,sl,-25.0,sl,-30.0
optimistic,fea09fd7-04dd-4650-8551-688b5c086192,2025-06-25T13:30:00.000092+00:00,ny_rth,short,aggressive_blowthrough,0.03413814,0.04557965,0.92028221,0.92028221,0.03413814,"[0.00,0.50)",asia_high,22434.75,v1,299.9999999999992,0.0,0.0,22518.25,False,False,0.0,83.5,aggressive_blowthrough,sl_hit,aggressive_blowthrough,True,tp,15.0,tp,15.0,tp,15.0
pessimistic,fea09fd7-04dd-4650-8551-688b5c086192,2025-06-25T13:30:00.000092+00:00,ny_rth,short,aggressive_blowthrough,0.03413814,0.04557965,0.92028221,0.92028221,0.03413814,"[0.00,0.50)",asia_high,22434.75,v1,299.9999999999992,0.0,0.0,22518.25,False,False,0.0,83.5,aggressive_blowthrough,sl_hit,aggressive_blowthrough,True,tp,15.0,tp,15.0,tp,15.0
optimistic,e1c2457b-644e-424e-b55d-0c4b18ed21b9,2025-06-25T17:40:33.123518+00:00,ny_rth,long,tradeable_reversal,0.5421733,0.38178458,0.07604213,0.5421733,0.5421733,"[0.50,0.60)",london_low,22406.0,v1,81.40623800000003,38.30825199999998,0.14707835325365207,22424.75,False,True,25.0,0.0,tradeable_reversal,tp_hit,tradeable_reversal,True,sl,-15.0,sl,-25.0,sl,-30.0
pessimistic,e1c2457b-644e-424e-b55d-0c4b18ed21b9,2025-06-25T17:40:33.123518+00:00,ny_rth,long,tradeable_reversal,0.5421733,0.38178458,0.07604213,0.5421733,0.5421733,"[0.50,0.60)",london_low,22406.0,v1,81.40623800000003,38.30825199999998,0.14707835325365207,22424.75,False,True,25.0,0.0,tradeable_reversal,tp_hit,tradeable_reversal,True,sl,-15.0,sl,-25.0,sl,-30.0
optimistic,0e7bf313-d1c1-4ea5-bf3f-36358bfb9515,2025-06-26T05:55:54.265433+00:00,london,short,tradeable_reversal,0.39113811,0.31852763,0.29033426,0.39113811,0.39113811,"[0.00,0.50)",asia_high,22508.0,v1,175.44845399999994,226.90911399999993,0.2857142857142857,22510.75,False,False,0.0,37.5,aggressive_blowthrough,sl_hit,aggressive_blowthrough,False,sl,-15.0,sl,-25.0,sl,-30.0
pessimistic,0e7bf313-d1c1-4ea5-bf3f-36358bfb9515,2025-06-26T05:55:54.265433+00:00,london,short,tradeable_reversal,0.39113811,0.31852763,0.29033426,0.39113811,0.39113811,"[0.00,0.50)",asia_high,22508.0,v1,175.44845399999994,226.90911399999993,0.2857142857142857,22510.75,False,False,0.0,37.5,aggressive_blowthrough,sl_hit,aggressive_blowthrough,False,sl,-15.0,sl,-25.0,sl,-30.0
optimistic,cd5e06ad-ecf8-4bd0-82eb-e121aacd307c,2025-06-26T07:17:35.095742+00:00,london,short,tradeable_reversal,0.60628208,0.32705449,0.06666343,0.60628208,0.60628208,"[0.60,0.70)",pdh,22548.25,v1,40.975587999999995,59.007947,0.09587217043941411,22529.75,False,False,25.0,36.75,tradeable_reversal,tp_hit,tradeable_reversal,True,sl,-15.0,sl,-25.0,sl,-30.0
pessimistic,cd5e06ad-ecf8-4bd0-82eb-e121aacd307c,2025-06-26T07:17:35.095742+00:00,london,short,tradeable_reversal,0.60628208,0.32705449,0.06666343,0.60628208,0.60628208,"[0.60,0.70)",pdh,22548.25,v1,40.975587999999995,59.007947,0.09587217043941411,22529.75,False,False,25.0,36.75,tradeable_reversal,tp_hit,tradeable_reversal,True,sl,-15.0,sl,-25.0,sl,-30.0
optimistic,ab6f7aee-18ac-44b9-a633-05c5d8305753,2025-06-26T12:00:00.014382+00:00,pre_market,short,aggressive_blowthrough,0.03413814,0.04557965,0.92028221,0.92028221,0.03413814,"[0.00,0.50)",asia_high,22508.0,v1,299.9992260000001,0.0,0.0,22579.5,False,False,0.0,71.5,aggressive_blowthrough,sl_hit,aggressive_blowthrough,True,tp,15.0,tp,15.0,tp,15.0
pessimistic,ab6f7aee-18ac-44b9-a633-05c5d8305753,2025-06-26T12:00:00.014382+00:00,pre_market,short,aggressive_blowthrough,0.03413814,0.04557965,0.92028221,0.92028221,0.03413814,"[0.00,0.50)",asia_high,22508.0,v1,299.9992260000001,0.0,0.0,22579.5,False,False,0.0,71.5,aggressive_blowthrough,sl_hit,aggressive_blowthrough,True,tp,15.0,tp,15.0,tp,15.0
optimistic,f46699c5-1cbc-4913-9c9c-5c386f9bb368,2025-06-26T12:05:19.609414+00:00,pre_market,short,tradeable_reversal,0.59044699,0.34029544,0.06925757,0.59044699,0.59044699,"[0.50,0.60)",london_high,22581.25,v1,62.483984999999976,60.69844899999999,0.11864406779661017,22572.75,False,False,25.0,0.0,tradeable_reversal,tp_hit,tradeable_reversal,True,tp,15.0,tp,15.0,tp,15.0
pessimistic,f46699c5-1cbc-4913-9c9c-5c386f9bb368,2025-06-26T12:05:19.609414+00:00,pre_market,short,tradeable_reversal,0.59044699,0.34029544,0.06925757,0.59044699,0.59044699,"[0.50,0.60)",london_high,22581.25,v1,62.483984999999976,60.69844899999999,0.11864406779661017,22572.75,False,False,25.0,0.0,tradeable_reversal,tp_hit,tradeable_reversal,True,tp,15.0,tp,15.0,tp,15.0
optimistic,005978f7-21ac-4794-8fed-29d7d06a69ab,2025-06-26T13:30:00.000090+00:00,ny_rth,short,aggressive_blowthrough,0.03413814,0.04557965,0.92028221,0.92028221,0.03413814,"[0.00,0.50)",asia_high,22508.0,v1,299.99815200000006,0.0,0.0,22534.75,False,False,0.0,37.5,aggressive_blowthrough,sl_hit,aggressive_blowthrough,True,sl,-15.0,sl,-25.0,sl,-30.0
pessimistic,005978f7-21ac-4794-8fed-29d7d06a69ab,2025-06-26T13:30:00.000090+00:00,ny_rth,short,aggressive_blowthrough,0.03413814,0.04557965,0.92028221,0.92028221,0.03413814,"[0.00,0.50)",asia_high,22508.0,v1,299.99815200000006,0.0,0.0,22534.75,False,False,0.0,37.5,aggressive_blowthrough,sl_hit,aggressive_blowthrough,True,sl,-15.0,sl,-25.0,sl,-30.0
optimistic,015e5757-ef46-47b7-a1ff-7badf885706e,2025-06-26T13:48:01.281447+00:00,ny_rth,long,trap_reversal,0.31132832,0.53720644,0.15146524,0.53720644,0.31132832,"[0.00,0.50)",london_low,22493.75,v1,177.8363980000002,51.342024000000016,0.08758995962787432,22494.0,False,False,25.0,4.5,tradeable_reversal,tp_hit,tradeable_reversal,False,sl,-15.0,tp,15.0,tp,15.0
pessimistic,015e5757-ef46-47b7-a1ff-7badf885706e,2025-06-26T13:48:01.281447+00:00,ny_rth,long,trap_reversal,0.31132832,0.53720644,0.15146524,0.53720644,0.31132832,"[0.00,0.50)",london_low,22493.75,v1,177.8363980000002,51.342024000000016,0.08758995962787432,22494.0,False,False,25.0,4.5,tradeable_reversal,tp_hit,tradeable_reversal,False,sl,-15.0,tp,15.0,tp,15.0
optimistic,606ed57c-697d-41f8-b7e0-9e047bef7b0c,2025-06-26T14:30:29.081490+00:00,ny_rth,short,trap_reversal,0.30947833,0.52071002,0.16981165,0.52071002,0.30947833,"[0.00,0.50)",london_high,22581.25,v1,163.01626200000004,99.33237799999999,0.13229424063866185,22577.0,False,False,25.0,30.5,tradeable_reversal,tp_hit,tradeable_reversal,False,sl,-15.0,tp,15.0,tp,15.0
pessimistic,606ed57c-697d-41f8-b7e0-9e047bef7b0c,2025-06-26T14:30:29.081490+00:00,ny_rth,short,trap_reversal,0.30947833,0.52071002,0.16981165,0.52071002,0.30947833,"[0.00,0.50)",london_high,22581.25,v1,163.01626200000004,99.33237799999999,0.13229424063866185,22577.0,False,False,25.0,30.5,tradeable_reversal,tp_hit,tradeable_reversal,False,sl,-15.0,tp,15.0,tp,15.0
optimistic,4fb3fc09-1716-4146-b799-5d4a46ff06e3,2025-06-27T04:00:03.316060+00:00,asia,short,trap_reversal,0.3349798,0.57922347,0.08579673,0.57922347,0.3349798,"[0.00,0.50)",pdh,22694.0,v1,5.633014,221.860039,0.96,22690.0,False,False,7.25,37.5,trap_reversal,sl_hit,trap_reversal,True,sl,-15.0,sl,-25.0,sl,-30.0
pessimistic,4fb3fc09-1716-4146-b799-5d4a46ff06e3,2025-06-27T04:00:03.316060+00:00,asia,short,trap_reversal,0.3349798,0.57922347,0.08579673,0.57922347,0.3349798,"[0.00,0.50)",pdh,22694.0,v1,5.633014,221.860039,0.96,22690.0,False,False,7.25,37.5,trap_reversal,sl_hit,trap_reversal,True,sl,-15.0,sl,-25.0,sl,-30.0
optimistic,a5077f48-eeb0-4bd4-a2c2-80a7ebe27f98,2025-06-27T05:02:39.011696+00:00,london,short,tradeable_reversal,0.37922093,0.3742465,0.24653257,0.37922093,0.37922093,"[0.00,0.50)",pdh,22694.0,v1,159.37720000000004,285.02073999999993,0.6666666666666666,22695.0,False,False,1.75,37.5,aggressive_blowthrough,sl_hit,aggressive_blowthrough,False,sl,-15.0,sl,-25.0,sl,-30.0
pessimistic,a5077f48-eeb0-4bd4-a2c2-80a7ebe27f98,2025-06-27T05:02:39.011696+00:00,london,short,tradeable_reversal,0.37922093,0.3742465,0.24653257,0.37922093,0.37922093,"[0.00,0.50)",pdh,22694.0,v1,159.37720000000004,285.02073999999993,0.6666666666666666,22695.0,False,False,1.75,37.5,aggressive_blowthrough,sl_hit,aggressive_blowthrough,False,sl,-15.0,sl,-25.0,sl,-30.0
optimistic,507d6feb-36fc-4bb7-806c-cd1bdee3256e,2025-06-27T05:41:00.954110+00:00,london,short,trap_reversal,0.33874142,0.5687738,0.09248477,0.5687738,0.33874142,"[0.00,0.50)",asia_high,22713.5,v1,1.917611,206.67859400000003,0.8985507246376812,22712.75,False,False,6.5,37.5,trap_reversal,sl_hit,trap_reversal,True,sl,-15.0,sl,-25.0,sl,-30.0
pessimistic,507d6feb-36fc-4bb7-806c-cd1bdee3256e,2025-06-27T05:41:00.954110+00:00,london,short,trap_reversal,0.33874142,0.5687738,0.09248477,0.5687738,0.33874142,"[0.00,0.50)",asia_high,22713.5,v1,1.917611,206.67859400000003,0.8985507246376812,22712.75,False,False,6.5,37.5,trap_reversal,sl_hit,trap_reversal,True,sl,-15.0,sl,-25.0,sl,-30.0
optimistic,7a99f1e3-a645-449d-82de-7da76b141c4f,2025-06-27T12:00:00.003015+00:00,pre_market,short,aggressive_blowthrough,0.03413814,0.04557965,0.92028221,0.92028221,0.03413814,"[0.00,0.50)",pdh,22694.0,v1,299.70168599999994,0.0,0.0,22774.75,False,False,0.0,80.75,aggressive_blowthrough,sl_hit,aggressive_blowthrough,True,tp,15.0,tp,15.0,tp,15.0
pessimistic,7a99f1e3-a645-449d-82de-7da76b141c4f,2025-06-27T12:00:00.003015+00:00,pre_market,short,aggressive_blowthrough,0.03413814,0.04557965,0.92028221,0.92028221,0.03413814,"[0.00,0.50)",pdh,22694.0,v1,299.70168599999994,0.0,0.0,22774.75,False,False,0.0,80.75,aggressive_blowthrough,sl_hit,aggressive_blowthrough,True,tp,15.0,tp,15.0,tp,15.0
optimistic,2a0ec09f-8862-4c4b-b56a-4ad61fbd51bb,2025-06-27T13:30:00.000307+00:00,ny_rth,short,aggressive_blowthrough,0.13749473,0.40003298,0.46247229,0.46247229,0.13749473,"[0.00,0.50)",pdh,22694.0,v1,290.71876199999906,19.915646999999986,0.02407281388227288,22717.75,False,False,0.0,37.5,aggressive_blowthrough,sl_hit,aggressive_blowthrough,True,tp,15.0,tp,15.0,tp,15.0
pessimistic,2a0ec09f-8862-4c4b-b56a-4ad61fbd51bb,2025-06-27T13:30:00.000307+00:00,ny_rth,short,aggressive_blowthrough,0.13749473,0.40003298,0.46247229,0.46247229,0.13749473,"[0.00,0.50)",pdh,22694.0,v1,290.71876199999906,19.915646999999986,0.02407281388227288,22717.75,False,False,0.0,37.5,aggressive_blowthrough,sl_hit,aggressive_blowthrough,True,tp,15.0,tp,15.0,tp,15.0
optimistic,3a471b52-40fb-4354-a3eb-22d2ab7ec51c,2025-06-27T14:00:32.531559+00:00,ny_rth,short,aggressive_blowthrough,0.06413781,0.18048383,0.75537836,0.75537836,0.06413781,"[0.00,0.50)",london_high,22780.0,v1,299.0391569999996,8.241428999999998,0.015645685401372005,22800.75,False,False,0.0,37.5,aggressive_blowthrough,sl_hit,aggressive_blowthrough,True,tp,15.0,tp,15.0,tp,15.0
pessimistic,3a471b52-40fb-4354-a3eb-22d2ab7ec51c,2025-06-27T14:00:32.531559+00:00,ny_rth,short,aggressive_blowthrough,0.06413781,0.18048383,0.75537836,0.75537836,0.06413781,"[0.00,0.50)",london_high,22780.0,v1,299.0391569999996,8.241428999999998,0.015645685401372005,22800.75,False,False,0.0,37.5,aggressive_blowthrough,sl_hit,aggressive_blowthrough,True,tp,15.0,tp,15.0,tp,15.0
optimistic,58e55d69-bc98-4119-b817-cfddb7783b97,2025-06-27T18:30:07.228851+00:00,ny_rth,long,trap_reversal,0.44134282,0.48128129,0.07737589,0.48128129,0.44134282,"[0.00,0.50)",asia_low,22660.25,v1,111.87333900000007,46.79397499999996,0.09109466700688951,22671.75,False,False,15.0,37.5,trap_reversal,sl_hit,trap_reversal,True,sl,-15.0,sl,-25.0,sl,-30.0
pessimistic,58e55d69-bc98-4119-b817-cfddb7783b97,2025-06-27T18:30:07.228851+00:00,ny_rth,long,trap_reversal,0.44134282,0.48128129,0.07737589,0.48128129,0.44134282,"[0.00,0.50)",asia_low,22660.25,v1,111.87333900000007,46.79397499999996,0.09109466700688951,22671.75,False,False,15.0,37.5,trap_reversal,sl_hit,trap_reversal,True,sl,-15.0,sl,-25.0,sl,-30.0
optimistic,3e2329e3-06fd-4d9f-9356-3a48d6023afc,2025-06-30T06:06:37.548263+00:00,london,short,tradeable_reversal,0.48886671,0.42276516,0.08836813,0.48886671,0.48886671,"[0.00,0.50)",asia_high,22885.25,v1,65.05384799999999,152.82774899999995,0.11559633027522936,22887.25,False,False,25.0,16.25,tradeable_reversal,tp_hit,tradeable_reversal,True,tp,15.0,tp,15.0,tp,15.0
pessimistic,3e2329e3-06fd-4d9f-9356-3a48d6023afc,2025-06-30T06:06:37.548263+00:00,london,short,tradeable_reversal,0.48886671,0.42276516,0.08836813,0.48886671,0.48886671,"[0.00,0.50)",asia_high,22885.25,v1,65.05384799999999,152.82774899999995,0.11559633027522936,22887.25,False,False,25.0,16.25,tradeable_reversal,tp_hit,tradeable_reversal,True,tp,15.0,tp,15.0,tp,15.0
optimistic,9b0a6d33-e825-4e43-b14e-0424f38d28a4,2025-06-30T12:00:00.149809+00:00,pre_market,short,aggressive_blowthrough,0.13353257,0.28905878,0.57740865,0.57740865,0.13353257,"[0.00,0.50)",asia_high,22885.25,v1,299.99973699999975,35.368999,0.0,22887.25,False,False,25.0,12.0,tradeable_reversal,tp_hit,tradeable_reversal,False,tp,15.0,tp,15.0,tp,15.0
pessimistic,9b0a6d33-e825-4e43-b14e-0424f38d28a4,2025-06-30T12:00:00.149809+00:00,pre_market,short,aggressive_blowthrough,0.13353257,0.28905878,0.57740865,0.57740865,0.13353257,"[0.00,0.50)",asia_high,22885.25,v1,299.99973699999975,35.368999,0.0,22887.25,False,False,25.0,12.0,tradeable_reversal,tp_hit,tradeable_reversal,False,tp,15.0,tp,15.0,tp,15.0
optimistic,a089d72c-83cf-4c51-928a-b67c02a5fba7,2025-06-30T13:31:56.001554+00:00,ny_rth,long,aggressive_blowthrough,0.10421375,0.28902148,0.60676477,0.60676477,0.10421375,"[0.00,0.50)",london_low,22849.25,v1,294.3968729999996,9.455784,0.025391680172879523,22822.75,False,False,0.0,37.5,aggressive_blowthrough,sl_hit,aggressive_blowthrough,True,tp,15.0,tp,15.0,tp,15.0
pessimistic,a089d72c-83cf-4c51-928a-b67c02a5fba7,2025-06-30T13:31:56.001554+00:00,ny_rth,long,aggressive_blowthrough,0.10421375,0.28902148,0.60676477,0.60676477,0.10421375,"[0.00,0.50)",london_low,22849.25,v1,294.3968729999996,9.455784,0.025391680172879523,22822.75,False,False,0.0,37.5,aggressive_blowthrough,sl_hit,aggressive_blowthrough,True,tp,15.0,tp,15.0,tp,15.0
optimistic,95923f9d-cb6f-450c-8dc7-c0b70fba3b0a,2025-06-30T19:25:58.564150+00:00,ny_rth,short,trap_reversal,0.35661423,0.54829798,0.09508779,0.54829798,0.35661423,"[0.00,0.50)",asia_high,22885.25,v1,131.77148400000016,81.96348900000005,0.12266835282959215,22869.0,False,False,21.5,37.5,trap_reversal,sl_hit,trap_reversal,True,sl,-15.0,sl,-25.0,sl,-30.0
pessimistic,95923f9d-cb6f-450c-8dc7-c0b70fba3b0a,2025-06-30T19:25:58.564150+00:00,ny_rth,short,trap_reversal,0.35661423,0.54829798,0.09508779,0.54829798,0.35661423,"[0.00,0.50)",asia_high,22885.25,v1,131.77148400000016,81.96348900000005,0.12266835282959215,22869.0,False,False,21.5,37.5,trap_reversal,sl_hit,trap_reversal,True,sl,-15.0,sl,-25.0,sl,-30.0
optimistic,a75ac3c7-438a-4c23-b353-bb2de49f44f9,2025-07-01T05:23:16.184639+00:00,london,long,tradeable_reversal,0.50012905,0.41516757,0.08470338,0.50012905,0.50012905,"[0.50,0.60)",asia_low,22846.25,v1,40.805553999999994,110.88011099999999,0.26146788990825687,22851.0,False,False,19.5,37.5,trap_reversal,sl_hit,trap_reversal,False,sl,-15.0,sl,-25.0,sl,-30.0
pessimistic,a75ac3c7-438a-4c23-b353-bb2de49f44f9,2025-07-01T05:23:16.184639+00:00,london,long,tradeable_reversal,0.50012905,0.41516757,0.08470338,0.50012905,0.50012905,"[0.50,0.60)",asia_low,22846.25,v1,40.805553999999994,110.88011099999999,0.26146788990825687,22851.0,False,False,19.5,37.5,trap_reversal,sl_hit,trap_reversal,False,sl,-15.0,sl,-25.0,sl,-30.0
optimistic,3ec911c1-c0c6-4ff8-a326-a49810693bee,2025-07-01T12:00:00.031907+00:00,pre_market,long,aggressive_blowthrough,0.03413814,0.04557965,0.92028221,0.92028221,0.03413814,"[0.00,0.50)",asia_low,22846.25,v1,299.92914400000006,0.0,0.0,22825.75,False,False,0.0,37.5,aggressive_blowthrough,sl_hit,aggressive_blowthrough,True,sl,-15.0,sl,-25.0,sl,-30.0
pessimistic,3ec911c1-c0c6-4ff8-a326-a49810693bee,2025-07-01T12:00:00.031907+00:00,pre_market,long,aggressive_blowthrough,0.03413814,0.04557965,0.92028221,0.92028221,0.03413814,"[0.00,0.50)",asia_low,22846.25,v1,299.92914400000006,0.0,0.0,22825.75,False,False,0.0,37.5,aggressive_blowthrough,sl_hit,aggressive_blowthrough,True,sl,-15.0,sl,-25.0,sl,-30.0
optimistic,373cd02e-67b8-4192-9596-3febdaab1338,2025-07-01T12:08:49.144526+00:00,pre_market,long,aggressive_blowthrough,0.30113053,0.22100298,0.47786649,0.47786649,0.30113053,"[0.00,0.50)",london_low,22808.75,v1,279.6283639999996,110.47937200000004,0.06580732700135686,22799.25,False,False,0.0,37.5,aggressive_blowthrough,sl_hit,aggressive_blowthrough,True,sl,-15.0,sl,-25.0,sl,-30.0
pessimistic,373cd02e-67b8-4192-9596-3febdaab1338,2025-07-01T12:08:49.144526+00:00,pre_market,long,aggressive_blowthrough,0.30113053,0.22100298,0.47786649,0.47786649,0.30113053,"[0.00,0.50)",london_low,22808.75,v1,279.6283639999996,110.47937200000004,0.06580732700135686,22799.25,False,False,0.0,37.5,aggressive_blowthrough,sl_hit,aggressive_blowthrough,True,sl,-15.0,sl,-25.0,sl,-30.0
optimistic,1bc081fb-7633-4c6b-a56c-b4e928af7f73,2025-07-01T12:24:20.280948+00:00,pre_market,long,aggressive_blowthrough,0.04228647,0.07027419,0.88743934,0.88743934,0.04228647,"[0.00,0.50)",pdl,22781.0,v1,299.6217329999997,1.2019390000000003,0.012248123271434215,22764.5,False,False,25.0,16.5,tradeable_reversal,tp_hit,tradeable_reversal,False,tp,15.0,tp,15.0,tp,15.0
pessimistic,1bc081fb-7633-4c6b-a56c-b4e928af7f73,2025-07-01T12:24:20.280948+00:00,pre_market,long,aggressive_blowthrough,0.04228647,0.07027419,0.88743934,0.88743934,0.04228647,"[0.00,0.50)",pdl,22781.0,v1,299.6217329999997,1.2019390000000003,0.012248123271434215,22764.5,False,False,25.0,16.5,tradeable_reversal,tp_hit,tradeable_reversal,False,tp,15.0,tp,15.0,tp,15.0
optimistic,b3a6ef1b-8c1a-43f6-846b-1e480df8ce2b,2025-07-01T13:30:00.000532+00:00,ny_rth,long,trap_reversal,0.31841951,0.53040827,0.15117223,0.53040827,0.31841951,"[0.00,0.50)",london_low,22808.75,v1,157.76028299999984,76.68815600000015,0.12552561906245133,22804.25,False,False,25.0,28.75,tradeable_reversal,tp_hit,tradeable_reversal,False,tp,15.0,tp,15.0,tp,15.0
pessimistic,b3a6ef1b-8c1a-43f6-846b-1e480df8ce2b,2025-07-01T13:30:00.000532+00:00,ny_rth,long,trap_reversal,0.31841951,0.53040827,0.15117223,0.53040827,0.31841951,"[0.00,0.50)",london_low,22808.75,v1,157.76028299999984,76.68815600000015,0.12552561906245133,22804.25,False,False,25.0,28.75,tradeable_reversal,tp_hit,tradeable_reversal,False,tp,15.0,tp,15.0,tp,15.0
optimistic,bc3d020b-369b-4c2d-b262-cb6a58b5d999,2025-07-01T13:44:07.856288+00:00,ny_rth,long,tradeable_reversal,0.81995934,0.079303,0.10073766,0.81995934,0.81995934,"[0.80,0.90)",pdl,22781.0,v1,2.500779,10.21685199999999,0.8064516129032258,22809.25,False,True,28.25,0.0,tradeable_reversal,tp_hit,tradeable_reversal,True,sl,-15.0,sl,-25.0,tp,15.0
pessimistic,bc3d020b-369b-4c2d-b262-cb6a58b5d999,2025-07-01T13:44:07.856288+00:00,ny_rth,long,tradeable_reversal,0.81995934,0.079303,0.10073766,0.81995934,0.81995934,"[0.80,0.90)",pdl,22781.0,v1,2.500779,10.21685199999999,0.8064516129032258,22809.25,False,True,28.25,0.0,tradeable_reversal,tp_hit,tradeable_reversal,True,sl,-15.0,sl,-25.0,tp,15.0
optimistic,e6399ea4-b284-470c-8ff4-b20ea9ee2889,2025-07-02T10:49:39.565354+00:00,london,long,tradeable_reversal,0.75280267,0.06052048,0.18667685,0.75280267,0.75280267,"[0.70,0.80)",asia_low,22675.5,v1,0.344239,5.165278,1.0,22678.75,False,False,25.0,3.5,tradeable_reversal,tp_hit,tradeable_reversal,True,tp,15.0,tp,15.0,tp,15.0
pessimistic,e6399ea4-b284-470c-8ff4-b20ea9ee2889,2025-07-02T10:49:39.565354+00:00,london,long,tradeable_reversal,0.75280267,0.06052048,0.18667685,0.75280267,0.75280267,"[0.70,0.80)",asia_low,22675.5,v1,0.344239,5.165278,1.0,22678.75,False,False,25.0,3.5,tradeable_reversal,tp_hit,tradeable_reversal,True,tp,15.0,tp,15.0,tp,15.0
optimistic,77e83b35-2435-44ba-b976-e4772f45db71,2025-07-02T12:00:00.014187+00:00,pre_market,long,aggressive_blowthrough,0.03413814,0.04557965,0.92028221,0.92028221,0.03413814,"[0.00,0.50)",asia_low,22675.5,v1,299.9997299999996,0.0,0.0,22662.0,False,False,10.25,37.5,trap_reversal,sl_hit,trap_reversal,False,sl,-15.0,tp,15.0,tp,15.0
pessimistic,77e83b35-2435-44ba-b976-e4772f45db71,2025-07-02T12:00:00.014187+00:00,pre_market,long,aggressive_blowthrough,0.03413814,0.04557965,0.92028221,0.92028221,0.03413814,"[0.00,0.50)",asia_low,22675.5,v1,299.9997299999996,0.0,0.0,22662.0,False,False,10.25,37.5,trap_reversal,sl_hit,trap_reversal,False,sl,-15.0,tp,15.0,tp,15.0
optimistic,1f604baf-101d-4635-96ce-0bb7ebc8dc5a,2025-07-02T12:24:16.194915+00:00,pre_market,long,aggressive_blowthrough,0.19004253,0.30181823,0.50813924,0.50813924,0.19004253,"[0.00,0.50)",london_low,22638.25,v1,242.38920700000017,37.452341000000025,0.05190989226248776,22646.5,False,False,8.25,37.5,trap_reversal,sl_hit,trap_reversal,False,sl,-15.0,sl,-25.0,sl,-30.0
pessimistic,1f604baf-101d-4635-96ce-0bb7ebc8dc5a,2025-07-02T12:24:16.194915+00:00,pre_market,long,aggressive_blowthrough,0.19004253,0.30181823,0.50813924,0.50813924,0.19004253,"[0.00,0.50)",london_low,22638.25,v1,242.38920700000017,37.452341000000025,0.05190989226248776,22646.5,False,False,8.25,37.5,trap_reversal,sl_hit,trap_reversal,False,sl,-15.0,sl,-25.0,sl,-30.0
optimistic,1f432a6c-efbc-42fc-9747-da23ad421692,2025-07-02T12:42:07.366849+00:00,pre_market,long,trap_reversal,0.38270392,0.53143489,0.08586119,0.53143489,0.38270392,"[0.00,0.50)",pdl,22594.5,v1,122.141504,69.63549400000001,0.12067881835323696,22612.25,False,False,25.0,0.0,tradeable_reversal,tp_hit,tradeable_reversal,False,sl,-15.0,sl,-25.0,sl,-30.0
pessimistic,1f432a6c-efbc-42fc-9747-da23ad421692,2025-07-02T12:42:07.366849+00:00,pre_market,long,trap_reversal,0.38270392,0.53143489,0.08586119,0.53143489,0.38270392,"[0.00,0.50)",pdl,22594.5,v1,122.141504,69.63549400000001,0.12067881835323696,22612.25,False,False,25.0,0.0,tradeable_reversal,tp_hit,tradeable_reversal,False,sl,-15.0,sl,-25.0,sl,-30.0
optimistic,51cce859-17a4-4f53-b7e1-6c6f8f09dc42,2025-07-02T13:30:00.000509+00:00,ny_rth,long,trap_reversal,0.13484966,0.7486396,0.11651075,0.7486396,0.13484966,"[0.00,0.50)",asia_low,22675.5,v1,198.72268600000018,22.895729999999993,0.0209136581376329,22668.5,False,False,25.0,14.0,tradeable_reversal,tp_hit,tradeable_reversal,False,sl,-15.0,tp,15.0,tp,15.0
pessimistic,51cce859-17a4-4f53-b7e1-6c6f8f09dc42,2025-07-02T13:30:00.000509+00:00,ny_rth,long,trap_reversal,0.13484966,0.7486396,0.11651075,0.7486396,0.13484966,"[0.00,0.50)",asia_low,22675.5,v1,198.72268600000018,22.895729999999993,0.0209136581376329,22668.5,False,False,25.0,14.0,tradeable_reversal,tp_hit,tradeable_reversal,False,sl,-15.0,tp,15.0,tp,15.0
optimistic,1fe30861-871c-495e-81e5-e0a5562435ac,2025-07-02T14:25:49.999316+00:00,ny_rth,short,aggressive_blowthrough,0.24898012,0.24583063,0.50518925,0.50518925,0.24898012,"[0.00,0.50)",london_high,22780.0,v1,253.9593019999998,49.44677500000001,0.06299122906937009,22794.5,False,False,9.0,37.5,trap_reversal,sl_hit,trap_reversal,False,tp,15.0,tp,15.0,tp,15.0
pessimistic,1fe30861-871c-495e-81e5-e0a5562435ac,2025-07-02T14:25:49.999316+00:00,ny_rth,short,aggressive_blowthrough,0.24898012,0.24583063,0.50518925,0.50518925,0.24898012,"[0.00,0.50)",london_high,22780.0,v1,253.9593019999998,49.44677500000001,0.06299122906937009,22794.5,False,False,9.0,37.5,trap_reversal,sl_hit,trap_reversal,False,tp,15.0,tp,15.0,tp,15.0
optimistic,32284f14-2297-4625-b5f7-e500486d304f,2025-07-02T17:02:16.555456+00:00,ny_rth,short,tradeable_reversal,0.47121849,0.06239534,0.46638617,0.47121849,0.47121849,"[0.00,0.50)",pdh,22848.25,v1,0.0,0.08254399999999999,1.0,22834.25,False,True,25.25,0.0,tradeable_reversal,tp_hit,tradeable_reversal,True,tp,15.0,tp,15.0,tp,15.0
pessimistic,32284f14-2297-4625-b5f7-e500486d304f,2025-07-02T17:02:16.555456+00:00,ny_rth,short,tradeable_reversal,0.47121849,0.06239534,0.46638617,0.47121849,0.47121849,"[0.00,0.50)",pdh,22848.25,v1,0.0,0.08254399999999999,1.0,22834.25,False,True,25.25,0.0,tradeable_reversal,tp_hit,tradeable_reversal,True,tp,15.0,tp,15.0,tp,15.0
optimistic,5917aec0-06ae-4018-b106-f2cab1e9732e,2025-07-03T04:00:01.362264+00:00,asia,short,aggressive_blowthrough,0.03413814,0.04557965,0.92028221,0.92028221,0.03413814,"[0.00,0.50)",pdh,22854.0,v1,299.7689170000001,0.0,0.0,22863.25,False,False,4.0,37.5,aggressive_blowthrough,sl_hit,aggressive_blowthrough,True,sl,-15.0,sl,-25.0,sl,-30.0
pessimistic,5917aec0-06ae-4018-b106-f2cab1e9732e,2025-07-03T04:00:01.362264+00:00,asia,short,aggressive_blowthrough,0.03413814,0.04557965,0.92028221,0.92028221,0.03413814,"[0.00,0.50)",pdh,22854.0,v1,299.7689170000001,0.0,0.0,22863.25,False,False,4.0,37.5,aggressive_blowthrough,sl_hit,aggressive_blowthrough,True,sl,-15.0,sl,-25.0,sl,-30.0
optimistic,e74b6f6e-f5a3-46f5-9845-aa27fbfdc050,2025-07-03T05:00:00.755172+00:00,london,short,aggressive_blowthrough,0.0340765,0.04570785,0.92021565,0.92021565,0.0340765,"[0.00,0.50)",pdh,22854.0,v1,293.7797840000002,0.0,0.0,22867.75,False,False,4.0,37.5,aggressive_blowthrough,sl_hit,aggressive_blowthrough,True,tp,15.0,tp,15.0,tp,15.0
pessimistic,e74b6f6e-f5a3-46f5-9845-aa27fbfdc050,2025-07-03T05:00:00.755172+00:00,london,short,aggressive_blowthrough,0.0340765,0.04570785,0.92021565,0.92021565,0.0340765,"[0.00,0.50)",pdh,22854.0,v1,293.7797840000002,0.0,0.0,22867.75,False,False,4.0,37.5,aggressive_blowthrough,sl_hit,aggressive_blowthrough,True,tp,15.0,tp,15.0,tp,15.0
optimistic,b6e4751f-4e6d-40d4-860d-a95d97c5c9ec,2025-07-03T06:44:02.090158+00:00,london,short,aggressive_blowthrough,0.24773028,0.21112608,0.54114365,0.54114365,0.24773028,"[0.00,0.50)",asia_high,22882.0,v1,288.76893099999984,52.423538000000015,0.062264150943396226,22883.0,False,False,25.0,19.0,tradeable_reversal,tp_hit,tradeable_reversal,False,sl,-15.0,tp,15.0,tp,15.0
pessimistic,b6e4751f-4e6d-40d4-860d-a95d97c5c9ec,2025-07-03T06:44:02.090158+00:00,london,short,aggressive_blowthrough,0.24773028,0.21112608,0.54114365,0.54114365,0.24773028,"[0.00,0.50)",asia_high,22882.0,v1,288.76893099999984,52.423538000000015,0.062264150943396226,22883.0,False,False,25.0,19.0,tradeable_reversal,tp_hit,tradeable_reversal,False,sl,-15.0,tp,15.0,tp,15.0
optimistic,1e21a152-4e34-4bfc-9654-d4274eedaa27,2025-07-03T12:00:00.001339+00:00,pre_market,short,aggressive_blowthrough,0.03413814,0.04557965,0.92028221,0.92028221,0.03413814,"[0.00,0.50)",pdh,22854.0,v1,299.9999900000001,0.0,0.0,22870.25,False,False,2.5,37.5,aggressive_blowthrough,sl_hit,aggressive_blowthrough,True,tp,15.0,tp,15.0,tp,15.0
pessimistic,1e21a152-4e34-4bfc-9654-d4274eedaa27,2025-07-03T12:00:00.001339+00:00,pre_market,short,aggressive_blowthrough,0.03413814,0.04557965,0.92028221,0.92028221,0.03413814,"[0.00,0.50)",pdh,22854.0,v1,299.9999900000001,0.0,0.0,22870.25,False,False,2.5,37.5,aggressive_blowthrough,sl_hit,aggressive_blowthrough,True,tp,15.0,tp,15.0,tp,15.0
optimistic,2272186c-40f0-4478-96e7-eb8df5dcd771,2025-07-03T12:30:01.149947+00:00,pre_market,short,aggressive_blowthrough,0.03413814,0.04557965,0.92028221,0.92028221,0.03413814,"[0.00,0.50)",asia_high,22882.0,v1,299.9999969999994,0.0,0.0004272895598917533,22933.25,False,False,0.0,51.25,aggressive_blowthrough,sl_hit,aggressive_blowthrough,True,tp,15.0,tp,15.0,tp,15.0
pessimistic,2272186c-40f0-4478-96e7-eb8df5dcd771,2025-07-03T12:30:01.149947+00:00,pre_market,short,aggressive_blowthrough,0.03413814,0.04557965,0.92028221,0.92028221,0.03413814,"[0.00,0.50)",asia_high,22882.0,v1,299.9999969999994,0.0,0.0004272895598917533,22933.25,False,False,0.0,51.25,aggressive_blowthrough,sl_hit,aggressive_blowthrough,True,tp,15.0,tp,15.0,tp,15.0
optimistic,452dfecf-3838-4a50-ba73-ac223223fbb2,2025-07-03T13:30:00.002356+00:00,ny_rth,short,aggressive_blowthrough,0.03413814,0.04557965,0.92028221,0.92028221,0.03413814,"[0.00,0.50)",pdh,22854.0,v1,299.99999999999926,0.0,0.0,22964.25,False,False,0.0,110.25,aggressive_blowthrough,sl_hit,aggressive_blowthrough,True,tp,15.0,tp,15.0,tp,15.0
pessimistic,452dfecf-3838-4a50-ba73-ac223223fbb2,2025-07-03T13:30:00.002356+00:00,ny_rth,short,aggressive_blowthrough,0.03413814,0.04557965,0.92028221,0.92028221,0.03413814,"[0.00,0.50)",pdh,22854.0,v1,299.99999999999926,0.0,0.0,22964.25,False,False,0.0,110.25,aggressive_blowthrough,sl_hit,aggressive_blowthrough,True,tp,15.0,tp,15.0,tp,15.0
optimistic,a9c29b99-35e4-4675-80e5-73934cb8c731,2025-07-04T05:34:52.006512+00:00,london,long,tradeable_reversal,0.45419777,0.36045437,0.18534786,0.45419777,0.45419777,"[0.00,0.50)",asia_low,22991.75,v1,135.26659400000003,231.80034600000002,0.25862068965517243,22993.25,False,False,17.25,37.5,trap_reversal,sl_hit,trap_reversal,False,tp,15.0,tp,15.0,tp,15.0
pessimistic,a9c29b99-35e4-4675-80e5-73934cb8c731,2025-07-04T05:34:52.006512+00:00,london,long,tradeable_reversal,0.45419777,0.36045437,0.18534786,0.45419777,0.45419777,"[0.00,0.50)",asia_low,22991.75,v1,135.26659400000003,231.80034600000002,0.25862068965517243,22993.25,False,False,17.25,37.5,trap_reversal,sl_hit,trap_reversal,False,tp,15.0,tp,15.0,tp,15.0
optimistic,2cba3b05-1012-427b-90ee-50a92d51c53e,2025-07-04T08:15:14.765901+00:00,london,long,tradeable_reversal,0.47179283,0.38830602,0.13990116,0.47179283,0.47179283,"[0.00,0.50)",pdl,22930.25,v1,126.861287,164.75984099999985,0.31950207468879666,22943.25,False,False,25.5,0.0,tradeable_reversal,tp_hit,tradeable_reversal,True,sl,-15.0,tp,15.0,tp,15.0
pessimistic,2cba3b05-1012-427b-90ee-50a92d51c53e,2025-07-04T08:15:14.765901+00:00,london,long,tradeable_reversal,0.47179283,0.38830602,0.13990116,0.47179283,0.47179283,"[0.00,0.50)",pdl,22930.25,v1,126.861287,164.75984099999985,0.31950207468879666,22943.25,False,False,25.5,0.0,tradeable_reversal,tp_hit,tradeable_reversal,True,sl,-15.0,tp,15.0,tp,15.0
optimistic,989ab478-5fcf-4b03-881d-5e6a3a05e544,2025-07-04T12:00:00.009016+00:00,pre_market,long,aggressive_blowthrough,0.37402076,0.15888935,0.46708989,0.46708989,0.37402076,"[0.00,0.50)",pdl,22930.25,v1,252.65405799999996,175.44377500000002,0.2733812949640288,22931.25,False,False,7.75,37.75,trap_reversal,sl_hit,trap_reversal,False,sl,-15.0,sl,-25.0,sl,-30.0
pessimistic,989ab478-5fcf-4b03-881d-5e6a3a05e544,2025-07-04T12:00:00.009016+00:00,pre_market,long,aggressive_blowthrough,0.37402076,0.15888935,0.46708989,0.46708989,0.37402076,"[0.00,0.50)",pdl,22930.25,v1,252.65405799999996,175.44377500000002,0.2733812949640288,22931.25,False,False,7.75,37.75,trap_reversal,sl_hit,trap_reversal,False,sl,-15.0,sl,-25.0,sl,-30.0
optimistic,7a5934ac-b5d9-4277-80b8-980dd1ce3b09,2025-07-04T13:30:00.108364+00:00,ny_rth,long,aggressive_blowthrough,0.03413814,0.04557965,0.92028221,0.92028221,0.03413814,"[0.00,0.50)",pdl,22930.25,v1,299.999909,0.0,0.0,22915.25,False,False,0.0,37.75,aggressive_blowthrough,sl_hit,aggressive_blowthrough,True,sl,-15.0,sl,-25.0,tp,15.0
pessimistic,7a5934ac-b5d9-4277-80b8-980dd1ce3b09,2025-07-04T13:30:00.108364+00:00,ny_rth,long,aggressive_blowthrough,0.03413814,0.04557965,0.92028221,0.92028221,0.03413814,"[0.00,0.50)",pdl,22930.25,v1,299.999909,0.0,0.0,22915.25,False,False,0.0,37.75,aggressive_blowthrough,sl_hit,aggressive_blowthrough,True,sl,-15.0,sl,-25.0,tp,15.0
optimistic,46e6570b-c8dc-45ff-a7b4-04156229882d,2025-07-07T08:11:00.358074+00:00,london,long,tradeable_reversal,0.67159813,0.25859756,0.06980431,0.67159813,0.67159813,"[0.60,0.70)",asia_low,22914.5,v1,20.72597800000001,32.961413,0.2029520295202952,22924.5,False,False,25.0,5.5,tradeable_reversal,tp_hit,tradeable_reversal,True,sl,-15.0,tp,15.0,tp,15.0
pessimistic,46e6570b-c8dc-45ff-a7b4-04156229882d,2025-07-07T08:11:00.358074+00:00,london,long,tradeable_reversal,0.67159813,0.25859756,0.06980431,0.67159813,0.67159813,"[0.60,0.70)",asia_low,22914.5,v1,20.72597800000001,32.961413,0.2029520295202952,22924.5,False,False,25.0,5.5,tradeable_reversal,tp_hit,tradeable_reversal,True,sl,-15.0,tp,15.0,tp,15.0
optimistic,8b492fb6-f5c5-4c6e-87a1-f2234d366f33,2025-07-07T12:07:40.188643+00:00,pre_market,short,tradeable_reversal,0.45459674,0.44726379,0.09813947,0.45459674,0.45459674,"[0.00,0.50)",london_high,22990.0,v1,100.77280100000002,175.970811,0.5888077858880778,22986.25,False,False,25.0,11.75,tradeable_reversal,tp_hit,tradeable_reversal,True,sl,-15.0,tp,15.0,tp,15.0
pessimistic,8b492fb6-f5c5-4c6e-87a1-f2234d366f33,2025-07-07T12:07:40.188643+00:00,pre_market,short,tradeable_reversal,0.45459674,0.44726379,0.09813947,0.45459674,0.45459674,"[0.00,0.50)",london_high,22990.0,v1,100.77280100000002,175.970811,0.5888077858880778,22986.25,False,False,25.0,11.75,tradeable_reversal,tp_hit,tradeable_reversal,True,sl,-15.0,tp,15.0,tp,15.0
optimistic,8778e835-9a9c-4b9b-8735-d43ba3d902b2,2025-07-07T13:34:01.438615+00:00,ny_rth,long,tradeable_reversal,0.69515784,0.1339635,0.17087866,0.69515784,0.69515784,"[0.60,0.70)",asia_low,22914.5,v1,44.49135300000001,4.086521000000001,0.03240564239420511,22937.25,False,True,25.25,0.25,tradeable_reversal,tp_hit,tradeable_reversal,True,sl,-15.0,sl,-25.0,sl,-30.0
pessimistic,8778e835-9a9c-4b9b-8735-d43ba3d902b2,2025-07-07T13:34:01.438615+00:00,ny_rth,long,tradeable_reversal,0.69515784,0.1339635,0.17087866,0.69515784,0.69515784,"[0.60,0.70)",asia_low,22914.5,v1,44.49135300000001,4.086521000000001,0.03240564239420511,22937.25,False,True,25.25,0.25,tradeable_reversal,tp_hit,tradeable_reversal,True,sl,-15.0,sl,-25.0,sl,-30.0
optimistic,6ca7e70c-05e9-4907-8bf8-063ddcc19374,2025-07-09T06:06:08.017575+00:00,london,long,aggressive_blowthrough,0.29537256,0.21305721,0.49157023,0.49157023,0.29537256,"[0.00,0.50)",asia_low,22854.25,v1,284.99572900000015,54.36571099999999,0.10800970873786407,22850.5,False,False,25.0,6.25,tradeable_reversal,tp_hit,tradeable_reversal,False,tp,15.0,tp,15.0,tp,15.0
pessimistic,6ca7e70c-05e9-4907-8bf8-063ddcc19374,2025-07-09T06:06:08.017575+00:00,london,long,aggressive_blowthrough,0.29537256,0.21305721,0.49157023,0.49157023,0.29537256,"[0.00,0.50)",asia_low,22854.25,v1,284.99572900000015,54.36571099999999,0.10800970873786407,22850.5,False,False,25.0,6.25,tradeable_reversal,tp_hit,tradeable_reversal,False,tp,15.0,tp,15.0,tp,15.0
optimistic,19460111-e411-4d9e-8cf2-5323621d1497,2025-07-09T07:01:02.417525+00:00,london,short,tradeable_reversal,0.67017331,0.1516382,0.17818849,0.67017331,0.67017331,"[0.60,0.70)",asia_high,22901.5,v1,0.029047,23.094354,1.0,22890.0,False,False,25.0,0.0,tradeable_reversal,tp_hit,tradeable_reversal,True,tp,15.0,tp,15.0,tp,15.0
pessimistic,19460111-e411-4d9e-8cf2-5323621d1497,2025-07-09T07:01:02.417525+00:00,london,short,tradeable_reversal,0.67017331,0.1516382,0.17818849,0.67017331,0.67017331,"[0.60,0.70)",asia_high,22901.5,v1,0.029047,23.094354,1.0,22890.0,False,False,25.0,0.0,tradeable_reversal,tp_hit,tradeable_reversal,True,tp,15.0,tp,15.0,tp,15.0
optimistic,27c29a96-b004-4881-8999-7518d8c67cbf,2025-07-09T12:00:00.108695+00:00,pre_market,short,aggressive_blowthrough,0.03413814,0.04557965,0.92028221,0.92028221,0.03413814,"[0.00,0.50)",asia_high,22901.5,v1,299.9998110000001,0.0,0.0,22932.0,False,False,0.0,37.5,aggressive_blowthrough,sl_hit,aggressive_blowthrough,True,sl,-15.0,sl,-25.0,sl,-30.0
pessimistic,27c29a96-b004-4881-8999-7518d8c67cbf,2025-07-09T12:00:00.108695+00:00,pre_market,short,aggressive_blowthrough,0.03413814,0.04557965,0.92028221,0.92028221,0.03413814,"[0.00,0.50)",asia_high,22901.5,v1,299.9998110000001,0.0,0.0,22932.0,False,False,0.0,37.5,aggressive_blowthrough,sl_hit,aggressive_blowthrough,True,sl,-15.0,sl,-25.0,sl,-30.0
optimistic,6265cf8e-fc01-4874-8658-19fc791f802e,2025-07-09T12:47:51.790882+00:00,pre_market,short,tradeable_reversal,0.4541769,0.43698931,0.1088338,0.4541769,0.4541769,"[0.00,0.50)",london_high,22952.25,v1,109.44670699999996,154.2855919999999,0.45254237288135596,22946.5,False,False,25.0,0.0,tradeable_reversal,tp_hit,tradeable_reversal,True,tp,15.0,tp,15.0,tp,15.0
pessimistic,6265cf8e-fc01-4874-8658-19fc791f802e,2025-07-09T12:47:51.790882+00:00,pre_market,short,tradeable_reversal,0.4541769,0.43698931,0.1088338,0.4541769,0.4541769,"[0.00,0.50)",london_high,22952.25,v1,109.44670699999996,154.2855919999999,0.45254237288135596,22946.5,False,False,25.0,0.0,tradeable_reversal,tp_hit,tradeable_reversal,True,tp,15.0,tp,15.0,tp,15.0
optimistic,45496d15-1df0-4924-bc9b-c1f689cefa1e,2025-07-09T13:30:00.000286+00:00,ny_rth,short,aggressive_blowthrough,0.03413814,0.04557965,0.92028221,0.92028221,0.03413814,"[0.00,0.50)",asia_high,22901.5,v1,299.99872700000014,0.0,0.0,23024.5,False,False,0.0,123.0,aggressive_blowthrough,sl_hit,aggressive_blowthrough,True,tp,15.0,tp,15.0,tp,15.0
pessimistic,45496d15-1df0-4924-bc9b-c1f689cefa1e,2025-07-09T13:30:00.000286+00:00,ny_rth,short,aggressive_blowthrough,0.03413814,0.04557965,0.92028221,0.92028221,0.03413814,"[0.00,0.50)",asia_high,22901.5,v1,299.99872700000014,0.0,0.0,23024.5,False,False,0.0,123.0,aggressive_blowthrough,sl_hit,aggressive_blowthrough,True,tp,15.0,tp,15.0,tp,15.0
optimistic,06a79b5a-58eb-4629-a161-58af1d794174,2025-07-10T05:30:10.667264+00:00,london,long,trap_reversal,0.40236639,0.48319715,0.11443646,0.48319715,0.40236639,"[0.00,0.50)",asia_low,22984.0,v1,111.97025300000003,139.68461500000006,0.146218487394958,22984.5,False,False,25.0,3.25,tradeable_reversal,tp_hit,tradeable_reversal,False,tp,15.0,tp,15.0,tp,15.0
pessimistic,06a79b5a-58eb-4629-a161-58af1d794174,2025-07-10T05:30:10.667264+00:00,london,long,trap_reversal,0.40236639,0.48319715,0.11443646,0.48319715,0.40236639,"[0.00,0.50)",asia_low,22984.0,v1,111.97025300000003,139.68461500000006,0.146218487394958,22984.5,False,False,25.0,3.25,tradeable_reversal,tp_hit,tradeable_reversal,False,tp,15.0,tp,15.0,tp,15.0
optimistic,9b2bcce6-a1a7-4c23-9380-510d846e2136,2025-07-10T11:37:46.370872+00:00,london,short,tradeable_reversal,0.45149382,0.39009873,0.15840746,0.45149382,0.45149382,"[0.00,0.50)",asia_high,23065.25,v1,134.55912100000006,217.12935800000014,0.41,23069.0,False,False,25.0,11.75,tradeable_reversal,tp_hit,tradeable_reversal,True,tp,15.0,tp,15.0,tp,15.0
pessimistic,9b2bcce6-a1a7-4c23-9380-510d846e2136,2025-07-10T11:37:46.370872+00:00,london,short,tradeable_reversal,0.45149382,0.39009873,0.15840746,0.45149382,0.45149382,"[0.00,0.50)",asia_high,23065.25,v1,134.55912100000006,217.12935800000014,0.41,23069.0,False,False,25.0,11.75,tradeable_reversal,tp_hit,tradeable_reversal,True,tp,15.0,tp,15.0,tp,15.0
optimistic,464f8c1f-f82d-4a6c-aebc-8818f5d0f3b3,2025-07-10T12:00:00.019387+00:00,pre_market,short,tradeable_reversal,0.51011521,0.39421817,0.09566662,0.51011521,0.51011521,"[0.50,0.60)",asia_high,23065.25,v1,97.13163700000001,60.135978,0.2737752161383285,23061.25,False,False,25.0,3.0,tradeable_reversal,tp_hit,tradeable_reversal,True,tp,15.0,tp,15.0,tp,15.0
pessimistic,464f8c1f-f82d-4a6c-aebc-8818f5d0f3b3,2025-07-10T12:00:00.019387+00:00,pre_market,short,tradeable_reversal,0.51011521,0.39421817,0.09566662,0.51011521,0.51011521,"[0.50,0.60)",asia_high,23065.25,v1,97.13163700000001,60.135978,0.2737752161383285,23061.25,False,False,25.0,3.0,tradeable_reversal,tp_hit,tradeable_reversal,True,tp,15.0,tp,15.0,tp,15.0
optimistic,b4353de0-9612-42d8-9c9d-30ef37beef45,2025-07-10T13:29:00.001962+00:00,pre_market,short,tradeable_reversal,0.65597694,0.27870224,0.06532082,0.65597694,0.65597694,"[0.60,0.70)",london_high,23077.0,v1,37.86881099999998,38.24402399999995,0.133456561922366,23035.0,False,False,42.0,0.0,tradeable_reversal,tp_hit,tradeable_reversal,True,sl,-15.0,sl,-25.0,sl,-30.0
pessimistic,b4353de0-9612-42d8-9c9d-30ef37beef45,2025-07-10T13:29:00.001962+00:00,pre_market,short,tradeable_reversal,0.65597694,0.27870224,0.06532082,0.65597694,0.65597694,"[0.60,0.70)",london_high,23077.0,v1,37.86881099999998,38.24402399999995,0.133456561922366,23035.0,False,False,42.0,0.0,tradeable_reversal,tp_hit,tradeable_reversal,True,sl,-15.0,sl,-25.0,sl,-30.0
optimistic,964a0780-8ffa-462d-b44c-bc02b269835b,2025-07-10T13:53:00.111377+00:00,ny_rth,long,aggressive_blowthrough,0.25340135,0.21593573,0.53066292,0.53066292,0.25340135,"[0.00,0.50)",asia_low,22984.0,v1,277.1340960000006,58.89102799999997,0.06178217821782178,22966.0,False,False,0.0,37.5,aggressive_blowthrough,sl_hit,aggressive_blowthrough,True,tp,15.0,tp,15.0,tp,15.0
pessimistic,964a0780-8ffa-462d-b44c-bc02b269835b,2025-07-10T13:53:00.111377+00:00,ny_rth,long,aggressive_blowthrough,0.25340135,0.21593573,0.53066292,0.53066292,0.25340135,"[0.00,0.50)",asia_low,22984.0,v1,277.1340960000006,58.89102799999997,0.06178217821782178,22966.0,False,False,0.0,37.5,aggressive_blowthrough,sl_hit,aggressive_blowthrough,True,tp,15.0,tp,15.0,tp,15.0
optimistic,2d38424a-1030-4675-8113-30c585f1460a,2025-07-10T14:01:35.671032+00:00,ny_rth,long,tradeable_reversal,0.49456844,0.42439779,0.08103377,0.49456844,0.49456844,"[0.00,0.50)",pdl,22919.75,v1,84.98524499999995,48.85790799999998,0.14871922407361352,22909.5,False,True,25.0,13.0,tradeable_reversal,tp_hit,tradeable_reversal,True,tp,15.0,tp,15.0,tp,15.0
pessimistic,2d38424a-1030-4675-8113-30c585f1460a,2025-07-10T14:01:35.671032+00:00,ny_rth,long,tradeable_reversal,0.49456844,0.42439779,0.08103377,0.49456844,0.49456844,"[0.00,0.50)",pdl,22919.75,v1,84.98524499999995,48.85790799999998,0.14871922407361352,22909.5,False,True,25.0,13.0,tradeable_reversal,tp_hit,tradeable_reversal,True,tp,15.0,tp,15.0,tp,15.0
optimistic,ec1fd096-fc31-4a00-bad6-a9def724ca95,2025-07-11T07:54:52.392470+00:00,london,long,tradeable_reversal,0.51242888,0.40801356,0.07955756,0.51242888,0.51242888,"[0.50,0.60)",pdl,22901.25,v1,29.620976999999993,91.05346100000003,0.31645569620253167,22902.25,False,False,14.5,38.25,trap_reversal,sl_hit,trap_reversal,False,sl,-15.0,sl,-25.0,sl,-30.0
pessimistic,ec1fd096-fc31-4a00-bad6-a9def724ca95,2025-07-11T07:54:52.392470+00:00,london,long,tradeable_reversal,0.51242888,0.40801356,0.07955756,0.51242888,0.51242888,"[0.50,0.60)",pdl,22901.25,v1,29.620976999999993,91.05346100000003,0.31645569620253167,22902.25,False,False,14.5,38.25,trap_reversal,sl_hit,trap_reversal,False,sl,-15.0,sl,-25.0,sl,-30.0
optimistic,9c1cc0f6-4cd1-46c7-b80f-a63cd814f2c1,2025-07-11T12:02:16.442193+00:00,pre_market,long,tradeable_reversal,0.74416253,0.09086643,0.16497103,0.74416253,0.74416253,"[0.70,0.80)",pdl,22901.25,v1,0.000807,14.143868000000001,1.0,22918.5,False,False,25.0,20.0,tradeable_reversal,tp_hit,tradeable_reversal,True,sl,-15.0,sl,-25.0,sl,-30.0
pessimistic,9c1cc0f6-4cd1-46c7-b80f-a63cd814f2c1,2025-07-11T12:02:16.442193+00:00,pre_market,long,tradeable_reversal,0.74416253,0.09086643,0.16497103,0.74416253,0.74416253,"[0.70,0.80)",pdl,22901.25,v1,0.000807,14.143868000000001,1.0,22918.5,False,False,25.0,20.0,tradeable_reversal,tp_hit,tradeable_reversal,True,sl,-15.0,sl,-25.0,sl,-30.0
optimistic,0078928a-82b6-4ecf-8db6-84a992c79865,2025-07-11T13:37:36.266317+00:00,ny_rth,long,aggressive_blowthrough,0.05054237,0.11563371,0.83382392,0.83382392,0.05054237,"[0.00,0.50)",pdl,22901.25,v1,298.72157899999974,8.977744000000001,0.0073658365485794455,22886.0,False,False,0.0,37.75,aggressive_blowthrough,sl_hit,aggressive_blowthrough,True,tp,15.0,tp,15.0,tp,15.0
pessimistic,0078928a-82b6-4ecf-8db6-84a992c79865,2025-07-11T13:37:36.266317+00:00,ny_rth,long,aggressive_blowthrough,0.05054237,0.11563371,0.83382392,0.83382392,0.05054237,"[0.00,0.50)",pdl,22901.25,v1,298.72157899999974,8.977744000000001,0.0073658365485794455,22886.0,False,False,0.0,37.75,aggressive_blowthrough,sl_hit,aggressive_blowthrough,True,tp,15.0,tp,15.0,tp,15.0
optimistic,14fa06aa-fc21-4d9f-a6cd-15903453ea64,2025-07-11T14:13:38.433340+00:00,ny_rth,short,trap_reversal,0.32727762,0.52077229,0.1519501,0.52077229,0.32727762,"[0.00,0.50)",london_high,22976.75,v1,161.35367599999987,68.75179399999996,0.13213793103448276,22980.5,False,False,25.0,32.25,tradeable_reversal,tp_hit,tradeable_reversal,False,sl,-15.0,sl,-25.0,tp,15.0
pessimistic,14fa06aa-fc21-4d9f-a6cd-15903453ea64,2025-07-11T14:13:38.433340+00:00,ny_rth,short,trap_reversal,0.32727762,0.52077229,0.1519501,0.52077229,0.32727762,"[0.00,0.50)",london_high,22976.75,v1,161.35367599999987,68.75179399999996,0.13213793103448276,22980.5,False,False,25.0,32.25,tradeable_reversal,tp_hit,tradeable_reversal,False,sl,-15.0,sl,-25.0,tp,15.0
optimistic,46aedcfb-b795-4cfa-a71e-fc4656be9959,2025-07-14T08:52:45.666402+00:00,london,short,aggressive_blowthrough,0.21061386,0.28247597,0.50691018,0.50691018,0.21061386,"[0.00,0.50)",asia_high,22890.5,v1,296.1117130000003,29.252104000000003,0.038777908343125736,22890.75,False,False,25.0,13.25,tradeable_reversal,tp_hit,tradeable_reversal,False,tp,15.0,tp,15.0,tp,15.0
pessimistic,46aedcfb-b795-4cfa-a71e-fc4656be9959,2025-07-14T08:52:45.666402+00:00,london,short,aggressive_blowthrough,0.21061386,0.28247597,0.50691018,0.50691018,0.21061386,"[0.00,0.50)",asia_high,22890.5,v1,296.1117130000003,29.252104000000003,0.038777908343125736,22890.75,False,False,25.0,13.25,tradeable_reversal,tp_hit,tradeable_reversal,False,tp,15.0,tp,15.0,tp,15.0
optimistic,e057b33a-a381-4d12-8957-f84c39a124ff,2025-07-14T12:02:39.390430+00:00,pre_market,short,trap_reversal,0.369578,0.54458398,0.08583802,0.54458398,0.369578,"[0.00,0.50)",asia_high,22890.5,v1,19.849882000000004,115.66666000000001,1.0,22881.5,False,False,10.0,37.5,trap_reversal,sl_hit,trap_reversal,True,sl,-15.0,sl,-25.0,sl,-30.0
pessimistic,e057b33a-a381-4d12-8957-f84c39a124ff,2025-07-14T12:02:39.390430+00:00,pre_market,short,trap_reversal,0.369578,0.54458398,0.08583802,0.54458398,0.369578,"[0.00,0.50)",asia_high,22890.5,v1,19.849882000000004,115.66666000000001,1.0,22881.5,False,False,10.0,37.5,trap_reversal,sl_hit,trap_reversal,True,sl,-15.0,sl,-25.0,sl,-30.0
optimistic,8704626c-0a6d-4f8d-a2ca-991f612ddcd8,2025-07-14T12:22:24.485225+00:00,pre_market,short,tradeable_reversal,0.46884436,0.39270228,0.13845336,0.46884436,0.46884436,"[0.00,0.50)",london_high,22903.75,v1,119.96492599999993,125.40001900000003,0.31673306772908366,22905.25,False,False,16.0,37.5,trap_reversal,sl_hit,trap_reversal,False,tp,15.0,tp,15.0,tp,15.0
