resolution_mode,event_id,timestamp,session,trade_direction,predicted_class,prob_tradeable_reversal,prob_trap_reversal,prob_aggressive_blowthrough,predicted_confidence,reversal_probability,confidence_bucket,level_type,level_price,model_version,feature_int_time_beyond_level,feature_int_time_within_2pts,feature_int_absorption_ratio,entry_price_at_prediction,entry_price_is_fallback,entry_timestamp,is_executable,simulated_trade_taken,simulated_blocked_reason,mfe_points,mae_points,default_actual_class,default_resolution_type,actual_class,prediction_correct,tp15_sl15_exit_reason,tp15_sl15_pnl_points,tp15_sl25_exit_reason,tp15_sl25_pnl_points,tp15_sl30_exit_reason,tp15_sl30_pnl_points
optimistic,290f77df-bb86-462a-9185-2ab4cb032ec7,2025-06-05T05:03:56.368536+00:00,london,long,trap_reversal,0.34677814,0.42810269,0.22511918,0.42810269,0.34677814,"[0.00,0.50)",asia_low,21730.75,v1,146.26222400000003,134.41079099999993,0.17955112219451372,21726.5,False,2025-06-05T05:09:01.954730+00:00,False,False,not_executable,25.0,7.75,tradeable_reversal,tp_hit,tradeable_reversal,False,tp,15.0,tp,15.0,tp,15.0
pessimistic,290f77df-bb86-462a-9185-2ab4cb032ec7,2025-06-05T05:03:56.368536+00:00,london,long,trap_reversal,0.34677814,0.42810269,0.22511918,0.42810269,0.34677814,"[0.00,0.50)",asia_low,21730.75,v1,146.26222400000003,134.41079099999993,0.17955112219451372,21726.5,False,2025-06-05T05:09:01.954730+00:00,False,False,not_executable,25.0,7.75,tradeable_reversal,tp_hit,tradeable_reversal,False,tp,15.0,tp,15.0,tp,15.0
optimistic,b758d264-23ed-44c0-ba54-39eba31a8656,2025-06-05T07:15:10.949196+00:00,london,short,trap_reversal,0.42933148,0.47669013,0.09397839,0.47669013,0.42933148,"[0.00,0.50)",asia_high,21766.75,v1,98.29710400000003,112.51079000000004,0.20336134453781513,21766.0,False,2025-06-05T07:20:12.514749+00:00,False,False,not_executable,8.5,37.5,trap_reversal,sl_hit,trap_reversal,True,sl,-15.0,sl,-25.0,sl,-30.0
pessimistic,b758d264-23ed-44c0-ba54-39eba31a8656,2025-06-05T07:15:10.949196+00:00,london,short,trap_reversal,0.42933148,0.47669013,0.09397839,0.47669013,0.42933148,"[0.00,0.50)",asia_high,21766.75,v1,98.29710400000003,112.51079000000004,0.20336134453781513,21766.0,False,2025-06-05T07:20:12.514749+00:00,False,False,not_executable,8.5,37.5,trap_reversal,sl_hit,trap_reversal,True,sl,-15.0,sl,-25.0,sl,-30.0
optimistic,1a49a397-0230-4a36-9a71-55c2604ecb65,2025-06-05T12:00:00.033187+00:00,pre_market,short,trap_reversal,0.43319468,0.4807793,0.08602602,0.4807793,0.43319468,"[0.00,0.50)",asia_high,21766.75,v1,70.07025300000001,135.54715699999997,0.4074074074074074,21767.5,False,2025-06-05T12:05:00.075146+00:00,False,False,not_executable,25.5,15.25,tradeable_reversal,tp_hit,tradeable_reversal,False,tp,15.0,tp,15.0,tp,15.0
pessimistic,1a49a397-0230-4a36-9a71-55c2604ecb65,2025-06-05T12:00:00.033187+00:00,pre_market,short,trap_reversal,0.43319468,0.4807793,0.08602602,0.4807793,0.43319468,"[0.00,0.50)",asia_high,21766.75,v1,70.07025300000001,135.54715699999997,0.4074074074074074,21767.5,False,2025-06-05T12:05:00.075146+00:00,False,False,not_executable,25.5,15.25,tradeable_reversal,tp_hit,tradeable_reversal,False,tp,15.0,tp,15.0,tp,15.0
optimistic,9c512365-e26b-456b-a6da-99c378b566e4,2025-06-05T12:30:16.424056+00:00,pre_market,long,tradeable_reversal,0.85173594,0.09281572,0.05544834,0.85173594,0.85173594,"[0.80,0.90)",asia_low,21730.75,v1,31.74909600000001,12.542322999999994,0.16237623762376238,21753.75,False,2025-06-05T12:35:18.553772+00:00,False,False,not_executable,25.0,0.0,tradeable_reversal,tp_hit,tradeable_reversal,True,tp,15.0,tp,15.0,tp,15.0
pessimistic,9c512365-e26b-456b-a6da-99c378b566e4,2025-06-05T12:30:16.424056+00:00,pre_market,long,tradeable_reversal,0.85173594,0.09281572,0.05544834,0.85173594,0.85173594,"[0.80,0.90)",asia_low,21730.75,v1,31.74909600000001,12.542322999999994,0.16237623762376238,21753.75,False,2025-06-05T12:35:18.553772+00:00,False,False,not_executable,25.0,0.0,tradeable_reversal,tp_hit,tradeable_reversal,True,tp,15.0,tp,15.0,tp,15.0
optimistic,69fe2be5-b980-40ed-8e48-2e010eb01e00,2025-06-05T12:49:17.304482+00:00,pre_market,short,trap_reversal,0.31257665,0.55236555,0.13505781,0.55236555,0.31257665,"[0.00,0.50)",london_high,21842.75,v1,136.44514200000003,12.847618000000002,0.026037735849056602,21823.5,False,2025-06-05T12:54:17.796971+00:00,False,False,not_executable,25.0,0.0,tradeable_reversal,tp_hit,tradeable_reversal,False,tp,15.0,tp,15.0,tp,15.0
pessimistic,69fe2be5-b980-40ed-8e48-2e010eb01e00,2025-06-05T12:49:17.304482+00:00,pre_market,short,trap_reversal,0.31257665,0.55236555,0.13505781,0.55236555,0.31257665,"[0.00,0.50)",london_high,21842.75,v1,136.44514200000003,12.847618000000002,0.026037735849056602,21823.5,False,2025-06-05T12:54:17.796971+00:00,False,False,not_executable,25.0,0.0,tradeable_reversal,tp_hit,tradeable_reversal,False,tp,15.0,tp,15.0,tp,15.0
optimistic,db2206ba-815f-4331-ba6e-0b0f4966eb33,2025-06-05T13:30:00.000426+00:00,ny_rth,short,aggressive_blowthrough,0.03187522,0.04365802,0.92446675,0.92446675,0.03187522,"[0.00,0.50)",asia_high,21766.75,v1,298.18043999999946,1.6791419999999997,0.004292403746097815,21800.5,False,2025-06-05T13:35:00.004226+00:00,False,False,not_executable,0.0,38.0,aggressive_blowthrough,sl_hit,aggressive_blowthrough,True,tp,15.0,tp,15.0,tp,15.0
pessimistic,db2206ba-815f-4331-ba6e-0b0f4966eb33,2025-06-05T13:30:00.000426+00:00,ny_rth,short,aggressive_blowthrough,0.03187522,0.04365802,0.92446675,0.92446675,0.03187522,"[0.00,0.50)",asia_high,21766.75,v1,298.18043999999946,1.6791419999999997,0.004292403746097815,21800.5,False,2025-06-05T13:35:00.004226+00:00,False,False,not_executable,0.0,38.0,aggressive_blowthrough,sl_hit,aggressive_blowthrough,True,tp,15.0,tp,15.0,tp,15.0
optimistic,ce6d4031-4942-47a8-870f-af035dca4060,2025-06-05T13:45:53.939595+00:00,ny_rth,long,trap_reversal,0.11839485,0.68318875,0.1984164,0.68318875,0.11839485,"[0.00,0.50)",asia_low,21730.75,v1,217.10072399999984,16.816061000000005,0.020266549179425046,21748.25,False,2025-06-05T13:50:53.948835+00:00,False,False,not_executable,25.0,16.5,tradeable_reversal,tp_hit,tradeable_reversal,False,sl,-15.0,sl,-25.0,sl,-30.0
pessimistic,ce6d4031-4942-47a8-870f-af035dca4060,2025-06-05T13:45:53.939595+00:00,ny_rth,long,trap_reversal,0.11839485,0.68318875,0.1984164,0.68318875,0.11839485,"[0.00,0.50)",asia_low,21730.75,v1,217.10072399999984,16.816061000000005,0.020266549179425046,21748.25,False,2025-06-05T13:50:53.948835+00:00,False,False,not_executable,25.0,16.5,tradeable_reversal,tp_hit,tradeable_reversal,False,sl,-15.0,sl,-25.0,sl,-30.0
optimistic,58bfb88d-7ee4-4fc6-8ce4-aa6aa04c4473,2025-06-05T14:42:16.084503+00:00,ny_rth,short,trap_reversal,0.39869798,0.42139504,0.17990698,0.42139504,0.39869798,"[0.00,0.50)",london_high,21842.75,v1,105.8349279999998,9.198111999999995,0.022965693223702864,21856.25,False,2025-06-05T14:47:16.234290+00:00,False,False,not_executable,25.75,24.0,tradeable_reversal,tp_hit,tradeable_reversal,False,tp,15.0,tp,15.0,tp,15.0
pessimistic,58bfb88d-7ee4-4fc6-8ce4-aa6aa04c4473,2025-06-05T14:42:16.084503+00:00,ny_rth,short,trap_reversal,0.39869798,0.42139504,0.17990698,0.42139504,0.39869798,"[0.00,0.50)",london_high,21842.75,v1,105.8349279999998,9.198111999999995,0.022965693223702864,21856.25,False,2025-06-05T14:47:16.234290+00:00,False,False,not_executable,25.75,24.0,tradeable_reversal,tp_hit,tradeable_reversal,False,tp,15.0,tp,15.0,tp,15.0
optimistic,4d1404f9-81f5-4e35-b90b-ae329c2a07c2,2025-06-06T05:00:06.343262+00:00,london,short,aggressive_blowthrough,0.23739353,0.24206581,0.52054066,0.52054066,0.23739353,"[0.00,0.50)",asia_high,21651.0,v1,256.47047600000013,49.30224799999999,0.05967741935483871,21663.5,False,2025-06-06T05:05:06.622605+00:00,False,False,not_executable,22.0,37.75,trap_reversal,sl_hit,trap_reversal,False,tp,15.0,tp,15.0,tp,15.0
pessimistic,4d1404f9-81f5-4e35-b90b-ae329c2a07c2,2025-06-06T05:00:06.343262+00:00,london,short,aggressive_blowthrough,0.23739353,0.24206581,0.52054066,0.52054066,0.23739353,"[0.00,0.50)",asia_high,21651.0,v1,256.47047600000013,49.30224799999999,0.05967741935483871,21663.5,False,2025-06-06T05:05:06.622605+00:00,False,False,not_executable,22.0,37.75,trap_reversal,sl_hit,trap_reversal,False,tp,15.0,tp,15.0,tp,15.0
optimistic,73f01556-3e16-4297-b233-971e65970326,2025-06-06T12:00:00.001978+00:00,pre_market,short,aggressive_blowthrough,0.03413814,0.04557965,0.92028221,0.92028221,0.03413814,"[0.00,0.50)",asia_high,21651.0,v1,299.9997009999999,0.0,0.0,21683.5,False,2025-06-06T12:05:01.050952+00:00,False,False,not_executable,0.0,37.5,aggressive_blowthrough,sl_hit,aggressive_blowthrough,True,tp,15.0,tp,15.0,tp,15.0
pessimistic,73f01556-3e16-4297-b233-971e65970326,2025-06-06T12:00:00.001978+00:00,pre_market,short,aggressive_blowthrough,0.03413814,0.04557965,0.92028221,0.92028221,0.03413814,"[0.00,0.50)",asia_high,21651.0,v1,299.9997009999999,0.0,0.0,21683.5,False,2025-06-06T12:05:01.050952+00:00,False,False,not_executable,0.0,37.5,aggressive_blowthrough,sl_hit,aggressive_blowthrough,True,tp,15.0,tp,15.0,tp,15.0
optimistic,53ab1485-e1de-4d37-a032-bda39343823f,2025-06-06T12:30:00.496128+00:00,pre_market,short,aggressive_blowthrough,0.03433893,0.04613745,0.91952363,0.91952363,0.03433893,"[0.00,0.50)",london_high,21694.5,v1,299.88307699999933,0.10860800000000002,0.001275306870715766,21757.75,False,2025-06-06T12:35:00.775834+00:00,False,False,not_executable,0.0,63.25,aggressive_blowthrough,sl_hit,aggressive_blowthrough,True,tp,15.0,tp,15.0,tp,15.0
pessimistic,53ab1485-e1de-4d37-a032-bda39343823f,2025-06-06T12:30:00.496128+00:00,pre_market,short,aggressive_blowthrough,0.03433893,0.04613745,0.91952363,0.91952363,0.03433893,"[0.00,0.50)",london_high,21694.5,v1,299.88307699999933,0.10860800000000002,0.001275306870715766,21757.75,False,2025-06-06T12:35:00.775834+00:00,False,False,not_executable,0.0,63.25,aggressive_blowthrough,sl_hit,aggressive_blowthrough,True,tp,15.0,tp,15.0,tp,15.0
optimistic,105f9f73-5c40-41ec-813a-2255e6d11cef,2025-06-06T13:30:00.000090+00:00,ny_rth,short,aggressive_blowthrough,0.03413814,0.04557965,0.92028221,0.92028221,0.03413814,"[0.00,0.50)",asia_high,21651.0,v1,299.99790600000034,0.0,0.0,21778.75,False,2025-06-06T13:35:00.010881+00:00,False,False,not_executable,0.0,127.75,aggressive_blowthrough,sl_hit,aggressive_blowthrough,True,sl,-15.0,sl,-25.0,sl,-30.0
pessimistic,105f9f73-5c40-41ec-813a-2255e6d11cef,2025-06-06T13:30:00.000090+00:00,ny_rth,short,aggressive_blowthrough,0.03413814,0.04557965,0.92028221,0.92028221,0.03413814,"[0.00,0.50)",asia_high,21651.0,v1,299.99790600000034,0.0,0.0,21778.75,False,2025-06-06T13:35:00.010881+00:00,False,False,not_executable,0.0,127.75,aggressive_blowthrough,sl_hit,aggressive_blowthrough,True,sl,-15.0,sl,-25.0,sl,-30.0
optimistic,73e9fa3d-c9b9-474f-9543-153897f52a26,2025-06-09T11:37:58.278391+00:00,london,short,tradeable_reversal,0.40350815,0.37769914,0.21879271,0.40350815,0.40350815,"[0.00,0.50)",asia_high,21820.75,v1,143.10616899999997,149.02336299999996,0.3678474114441417,21818.25,False,2025-06-09T11:42:58.472721+00:00,False,False,not_executable,25.0,0.0,tradeable_reversal,tp_hit,tradeable_reversal,True,tp,15.0,tp,15.0,tp,15.0
pessimistic,73e9fa3d-c9b9-474f-9543-153897f52a26,2025-06-09T11:37:58.278391+00:00,london,short,tradeable_reversal,0.40350815,0.37769914,0.21879271,0.40350815,0.40350815,"[0.00,0.50)",asia_high,21820.75,v1,143.10616899999997,149.02336299999996,0.3678474114441417,21818.25,False,2025-06-09T11:42:58.472721+00:00,False,False,not_executable,25.0,0.0,tradeable_reversal,tp_hit,tradeable_reversal,True,tp,15.0,tp,15.0,tp,15.0
optimistic,55b56f9b-8ca7-45ed-9808-e9e04a6c1757,2025-06-09T14:09:29.535278+00:00,ny_rth,short,aggressive_blowthrough,0.08542907,0.23673642,0.67783451,0.67783451,0.08542907,"[0.00,0.50)",asia_high,21820.75,v1,298.65427199999976,10.832653999999994,0.014335722620436739,21846.75,False,2025-06-09T14:14:29.692049+00:00,False,False,not_executable,0.0,37.5,aggressive_blowthrough,sl_hit,aggressive_blowthrough,True,sl,-15.0,sl,-25.0,sl,-30.0
pessimistic,55b56f9b-8ca7-45ed-9808-e9e04a6c1757,2025-06-09T14:09:29.535278+00:00,ny_rth,short,aggressive_blowthrough,0.08542907,0.23673642,0.67783451,0.67783451,0.08542907,"[0.00,0.50)",asia_high,21820.75,v1,298.65427199999976,10.832653999999994,0.014335722620436739,21846.75,False,2025-06-09T14:14:29.692049+00:00,False,False,not_executable,0.0,37.5,aggressive_blowthrough,sl_hit,aggressive_blowthrough,True,sl,-15.0,sl,-25.0,sl,-30.0
optimistic,143c675f-faee-4601-ab84-65c8f200ee18,2025-06-10T04:00:00.097424+00:00,asia,short,aggressive_blowthrough,0.03413814,0.04557965,0.92028221,0.92028221,0.03413814,"[0.00,0.50)",pdh,21890.75,v1,299.96111499999995,0.0,0.0,21931.0,False,2025-06-10T04:05:02.201821+00:00,False,False,not_executable,0.0,40.25,aggressive_blowthrough,sl_hit,aggressive_blowthrough,True,tp,15.0,tp,15.0,tp,15.0
pessimistic,143c675f-faee-4601-ab84-65c8f200ee18,2025-06-10T04:00:00.097424+00:00,asia,short,aggressive_blowthrough,0.03413814,0.04557965,0.92028221,0.92028221,0.03413814,"[0.00,0.50)",pdh,21890.75,v1,299.96111499999995,0.0,0.0,21931.0,False,2025-06-10T04:05:02.201821+00:00,False,False,not_executable,0.0,40.25,aggressive_blowthrough,sl_hit,aggressive_blowthrough,True,tp,15.0,tp,15.0,tp,15.0
optimistic,abfcf044-07eb-43ab-abb4-230fca3a1341,2025-06-10T05:00:00.890228+00:00,london,short,aggressive_blowthrough,0.03413814,0.04557965,0.92028221,0.92028221,0.03413814,"[0.00,0.50)",pdh,21890.75,v1,300.0000000000001,0.0,0.0,21922.25,False,2025-06-10T05:05:01.184757+00:00,False,False,not_executable,0.0,37.75,aggressive_blowthrough,sl_hit,aggressive_blowthrough,True,tp,15.0,tp,15.0,tp,15.0
pessimistic,abfcf044-07eb-43ab-abb4-230fca3a1341,2025-06-10T05:00:00.890228+00:00,london,short,aggressive_blowthrough,0.03413814,0.04557965,0.92028221,0.92028221,0.03413814,"[0.00,0.50)",pdh,21890.75,v1,300.0000000000001,0.0,0.0,21922.25,False,2025-06-10T05:05:01.184757+00:00,False,False,not_executable,0.0,37.75,aggressive_blowthrough,sl_hit,aggressive_blowthrough,True,tp,15.0,tp,15.0,tp,15.0
optimistic,0a41f3f7-02e3-4dc7-8b5d-9fe1798bee1a,2025-06-10T05:26:38.752450+00:00,london,long,aggressive_blowthrough,0.03206306,0.04424788,0.92368906,0.92368906,0.03206306,"[0.00,0.50)",asia_low,21815.25,v1,298.42699900000014,1.593411,0.005050505050505051,21779.75,False,2025-06-10T05:31:39.649201+00:00,False,False,not_executable,0.0,38.0,aggressive_blowthrough,sl_hit,aggressive_blowthrough,True,sl,-15.0,tp,15.0,tp,15.0
pessimistic,0a41f3f7-02e3-4dc7-8b5d-9fe1798bee1a,2025-06-10T05:26:38.752450+00:00,london,long,aggressive_blowthrough,0.03206306,0.04424788,0.92368906,0.92368906,0.03206306,"[0.00,0.50)",asia_low,21815.25,v1,298.42699900000014,1.593411,0.005050505050505051,21779.75,False,2025-06-10T05:31:39.649201+00:00,False,False,not_executable,0.0,38.0,aggressive_blowthrough,sl_hit,aggressive_blowthrough,True,sl,-15.0,tp,15.0,tp,15.0
optimistic,cb185cae-6c38-4caf-adbb-dfe057b39fa4,2025-06-10T07:44:59.672495+00:00,london,long,tradeable_reversal,0.75454197,0.1920898,0.05336823,0.75454197,0.75454197,"[0.70,0.80)",pdl,21750.75,v1,45.325374000000025,24.206616000000004,0.08773784355179703,21767.75,False,2025-06-10T07:50:00.266789+00:00,False,False,not_executable,25.0,0.0,tradeable_reversal,tp_hit,tradeable_reversal,True,tp,15.0,tp,15.0,tp,15.0
pessimistic,cb185cae-6c38-4caf-adbb-dfe057b39fa4,2025-06-10T07:44:59.672495+00:00,london,long,tradeable_reversal,0.75454197,0.1920898,0.05336823,0.75454197,0.75454197,"[0.70,0.80)",pdl,21750.75,v1,45.325374000000025,24.206616000000004,0.08773784355179703,21767.75,False,2025-06-10T07:50:00.266789+00:00,False,False,not_executable,25.0,0.0,tradeable_reversal,tp_hit,tradeable_reversal,True,tp,15.0,tp,15.0,tp,15.0
optimistic,7d2f2552-6614-4542-82e1-58218efa47eb,2025-06-10T13:53:03.263299+00:00,ny_rth,short,tradeable_reversal,0.85546718,0.07804034,0.06649248,0.85546718,0.85546718,"[0.80,0.90)",pdh,21890.75,v1,8.388776000000002,14.699462999999993,0.45323741007194246,21851.75,False,2025-06-10T13:58:03.299869+00:00,True,True,,39.0,0.0,tradeable_reversal,tp_hit,tradeable_reversal,True,sl,-15.0,sl,-25.0,sl,-30.0
pessimistic,7d2f2552-6614-4542-82e1-58218efa47eb,2025-06-10T13:53:03.263299+00:00,ny_rth,short,tradeable_reversal,0.85546718,0.07804034,0.06649248,0.85546718,0.85546718,"[0.80,0.90)",pdh,21890.75,v1,8.388776000000002,14.699462999999993,0.45323741007194246,21851.75,False,2025-06-10T13:58:03.299869+00:00,True,True,,39.0,0.0,tradeable_reversal,tp_hit,tradeable_reversal,True,sl,-15.0,sl,-25.0,sl,-30.0
optimistic,bab4f4c3-133e-4bf7-ae8d-fde675f15b4a,2025-06-10T15:32:30.786958+00:00,ny_rth,long,aggressive_blowthrough,0.03700026,0.05982612,0.90317362,0.90317362,0.03700026,"[0.00,0.50)",asia_low,21815.25,v1,299.3896530000004,2.4812339999999993,0.01150712197549294,21798.0,False,2025-06-10T15:37:30.795432+00:00,False,False,not_executable,25.0,17.5,tradeable_reversal,tp_hit,tradeable_reversal,False,tp,15.0,tp,15.0,tp,15.0
pessimistic,bab4f4c3-133e-4bf7-ae8d-fde675f15b4a,2025-06-10T15:32:30.786958+00:00,ny_rth,long,aggressive_blowthrough,0.03700026,0.05982612,0.90317362,0.90317362,0.03700026,"[0.00,0.50)",asia_low,21815.25,v1,299.3896530000004,2.4812339999999993,0.01150712197549294,21798.0,False,2025-06-10T15:37:30.795432+00:00,False,False,not_executable,25.0,17.5,tradeable_reversal,tp_hit,tradeable_reversal,False,tp,15.0,tp,15.0,tp,15.0
optimistic,54d148ab-3511-4ddc-b7fa-1665e4b75332,2025-06-10T17:14:11.265727+00:00,ny_rth,short,tradeable_reversal,0.53436511,0.0613158,0.40431909,0.53436511,0.53436511,"[0.50,0.60)",london_high,21931.0,v1,0.0,1.6804269999999997,1.0,21911.75,False,2025-06-10T17:19:11.821389+00:00,True,True,,25.0,0.0,tradeable_reversal,tp_hit,tradeable_reversal,True,tp,15.0,tp,15.0,tp,15.0
pessimistic,54d148ab-3511-4ddc-b7fa-1665e4b75332,2025-06-10T17:14:11.265727+00:00,ny_rth,short,tradeable_reversal,0.53436511,0.0613158,0.40431909,0.53436511,0.53436511,"[0.50,0.60)",london_high,21931.0,v1,0.0,1.6804269999999997,1.0,21911.75,False,2025-06-10T17:19:11.821389+00:00,True,True,,25.0,0.0,tradeable_reversal,tp_hit,tradeable_reversal,True,tp,15.0,tp,15.0,tp,15.0
optimistic,1ec8826d-a619-4cc8-85aa-d9efe76c0969,2025-06-10T19:04:31.480764+00:00,ny_rth,short,aggressive_blowthrough,0.23625755,0.30672513,0.45701732,0.45701732,0.23625755,"[0.00,0.50)",asia_high,21973.25,v1,247.57696899999974,21.90941399999999,0.06803218727139722,21977.75,False,2025-06-10T19:09:31.767076+00:00,False,False,not_executable,25.0,15.75,tradeable_reversal,tp_hit,tradeable_reversal,False,tp,15.0,tp,15.0,tp,15.0
pessimistic,1ec8826d-a619-4cc8-85aa-d9efe76c0969,2025-06-10T19:04:31.480764+00:00,ny_rth,short,aggressive_blowthrough,0.23625755,0.30672513,0.45701732,0.45701732,0.23625755,"[0.00,0.50)",asia_high,21973.25,v1,247.57696899999974,21.90941399999999,0.06803218727139722,21977.75,False,2025-06-10T19:09:31.767076+00:00,False,False,not_executable,25.0,15.75,tradeable_reversal,tp_hit,tradeable_reversal,False,tp,15.0,tp,15.0,tp,15.0
optimistic,314c4bae-9a87-42a2-a1b5-adbe64bfe890,2025-06-11T05:00:23.396143+00:00,london,long,tradeable_reversal,0.50824986,0.40866721,0.08308293,0.50824986,0.50824986,"[0.50,0.60)",asia_low,21872.75,v1,37.086428999999995,81.65468199999997,0.22466960352422907,21882.5,False,2025-06-11T05:05:25.293350+00:00,False,False,not_executable,25.0,0.0,tradeable_reversal,tp_hit,tradeable_reversal,True,tp,15.0,tp,15.0,tp,15.0
pessimistic,314c4bae-9a87-42a2-a1b5-adbe64bfe890,2025-06-11T05:00:23.396143+00:00,london,long,tradeable_reversal,0.50824986,0.40866721,0.08308293,0.50824986,0.50824986,"[0.50,0.60)",asia_low,21872.75,v1,37.086428999999995,81.65468199999997,0.22466960352422907,21882.5,False,2025-06-11T05:05:25.293350+00:00,False,False,not_executable,25.0,0.0,tradeable_reversal,tp_hit,tradeable_reversal,True,tp,15.0,tp,15.0,tp,15.0
optimistic,3d451b9b-6531-4eb5-a769-3b623a6e5a50,2025-06-11T12:04:10.681284+00:00,pre_market,short,tradeable_reversal,0.84278162,0.09983206,0.05738632,0.84278162,0.84278162,"[0.80,0.90)",london_high,21959.5,v1,26.41564699999998,10.126258000000004,0.08567931456548347,21939.25,False,2025-06-11T12:09:10.805990+00:00,False,False,not_executable,25.5,6.75,tradeable_reversal,tp_hit,tradeable_reversal,True,sl,-15.0,sl,-25.0,sl,-30.0
pessimistic,3d451b9b-6531-4eb5-a769-3b623a6e5a50,2025-06-11T12:04:10.681284+00:00,pre_market,short,tradeable_reversal,0.84278162,0.09983206,0.05738632,0.84278162,0.84278162,"[0.80,0.90)",london_high,21959.5,v1,26.41564699999998,10.126258000000004,0.08567931456548347,21939.25,False,2025-06-11T12:09:10.805990+00:00,False,False,not_executable,25.5,6.75,tradeable_reversal,tp_hit,tradeable_reversal,True,sl,-15.0,sl,-25.0,sl,-30.0
optimistic,d14435f6-2522-40a7-98d6-3b915ec509ff,2025-06-11T12:30:01.136765+00:00,pre_market,short,aggressive_blowthrough,0.03413814,0.04557965,0.92028221,0.92028221,0.03413814,"[0.00,0.50)",asia_high,22002.75,v1,299.99530399999975,0.001433,0.0001155001155001155,22060.0,False,2025-06-11T12:35:01.218212+00:00,False,False,not_executable,0.0,57.25,aggressive_blowthrough,sl_hit,aggressive_blowthrough,True,sl,-15.0,sl,-25.0,sl,-30.0
pessimistic,d14435f6-2522-40a7-98d6-3b915ec509ff,2025-06-11T12:30:01.136765+00:00,pre_market,short,aggressive_blowthrough,0.03413814,0.04557965,0.92028221,0.92028221,0.03413814,"[0.00,0.50)",asia_high,22002.75,v1,299.99530399999975,0.001433,0.0001155001155001155,22060.0,False,2025-06-11T12:35:01.218212+00:00,False,False,not_executable,0.0,57.25,aggressive_blowthrough,sl_hit,aggressive_blowthrough,True,sl,-15.0,sl,-25.0,sl,-30.0
optimistic,99306a47-d5eb-418b-97cf-49ca6550d8a8,2025-06-11T13:30:00.000529+00:00,ny_rth,short,aggressive_blowthrough,0.03413814,0.04557965,0.92028221,0.92028221,0.03413814,"[0.00,0.50)",london_high,21959.5,v1,299.9990519999998,0.0,0.0,21971.5,False,2025-06-11T13:35:00.013135+00:00,False,False,not_executable,0.5,37.5,aggressive_blowthrough,sl_hit,aggressive_blowthrough,True,sl,-15.0,sl,-25.0,sl,-30.0
pessimistic,99306a47-d5eb-418b-97cf-49ca6550d8a8,2025-06-11T13:30:00.000529+00:00,ny_rth,short,aggressive_blowthrough,0.03413814,0.04557965,0.92028221,0.92028221,0.03413814,"[0.00,0.50)",london_high,21959.5,v1,299.9990519999998,0.0,0.0,21971.5,False,2025-06-11T13:35:00.013135+00:00,False,False,not_executable,0.5,37.5,aggressive_blowthrough,sl_hit,aggressive_blowthrough,True,sl,-15.0,sl,-25.0,sl,-30.0
optimistic,016484ff-b62a-49b0-99cf-4817d699a49a,2025-06-11T18:02:08.391259+00:00,ny_rth,long,trap_reversal,0.27781717,0.5831654,0.13901743,0.5831654,0.27781717,"[0.00,0.50)",asia_low,21872.75,v1,176.3495829999998,43.878052000000004,0.06375333256056566,21885.75,False,2025-06-11T18:07:08.425416+00:00,False,False,not_executable,24.5,38.0,trap_reversal,sl_hit,trap_reversal,True,sl,-15.0,sl,-25.0,sl,-30.0
pessimistic,016484ff-b62a-49b0-99cf-4817d699a49a,2025-06-11T18:02:08.391259+00:00,ny_rth,long,trap_reversal,0.27781717,0.5831654,0.13901743,0.5831654,0.27781717,"[0.00,0.50)",asia_low,21872.75,v1,176.3495829999998,43.878052000000004,0.06375333256056566,21885.75,False,2025-06-11T18:07:08.425416+00:00,False,False,not_executable,24.5,38.0,trap_reversal,sl_hit,trap_reversal,True,sl,-15.0,sl,-25.0,sl,-30.0
optimistic,19c7bea4-61a0-4bd9-ae9b-f5100f6438a6,2025-06-12T07:46:31.729438+00:00,london,long,tradeable_reversal,0.4834162,0.44439463,0.07218917,0.4834162,0.4834162,"[0.00,0.50)",pdl,21790.75,v1,86.60744000000001,62.011759999999995,0.09982788296041308,21783.25,False,2025-06-12T07:51:32.328107+00:00,False,False,not_executable,0.0,37.5,aggressive_blowthrough,sl_hit,aggressive_blowthrough,False,sl,-15.0,sl,-25.0,sl,-30.0
pessimistic,19c7bea4-61a0-4bd9-ae9b-f5100f6438a6,2025-06-12T07:46:31.729438+00:00,london,long,tradeable_reversal,0.4834162,0.44439463,0.07218917,0.4834162,0.4834162,"[0.00,0.50)",pdl,21790.75,v1,86.60744000000001,62.011759999999995,0.09982788296041308,21783.25,False,2025-06-12T07:51:32.328107+00:00,False,False,not_executable,0.0,37.5,aggressive_blowthrough,sl_hit,aggressive_blowthrough,False,sl,-15.0,sl,-25.0,sl,-30.0
optimistic,8fc35b69-23f8-442f-a47d-47e82abbabeb,2025-06-12T07:55:00.389005+00:00,london,long,tradeable_reversal,0.57344659,0.05970719,0.36684622,0.57344659,0.57344659,"[0.50,0.60)",asia_low,21754.0,v1,0.000857,0.000857,0.4166666666666667,21770.5,False,2025-06-12T08:00:00.420648+00:00,False,False,not_executable,25.0,0.0,tradeable_reversal,tp_hit,tradeable_reversal,True,tp,15.0,tp,15.0,tp,15.0
pessimistic,8fc35b69-23f8-442f-a47d-47e82abbabeb,2025-06-12T07:55:00.389005+00:00,london,long,tradeable_reversal,0.57344659,0.05970719,0.36684622,0.57344659,0.57344659,"[0.50,0.60)",asia_low,21754.0,v1,0.000857,0.000857,0.4166666666666667,21770.5,False,2025-06-12T08:00:00.420648+00:00,False,False,not_executable,25.0,0.0,tradeable_reversal,tp_hit,tradeable_reversal,True,tp,15.0,tp,15.0,tp,15.0
optimistic,58f4b98a-92b8-45f6-90ca-1e9ddb0b1c5b,2025-06-12T12:00:00.034076+00:00,pre_market,long,aggressive_blowthrough,0.07667818,0.17280308,0.75051873,0.75051873,0.07667818,"[0.00,0.50)",asia_low,21754.0,v1,300.0000000000001,14.213071,0.008344923504867872,21748.25,False,2025-06-12T12:05:00.148453+00:00,False,False,not_executable,25.0,8.5,tradeable_reversal,tp_hit,tradeable_reversal,False,tp,15.0,tp,15.0,tp,15.0
pessimistic,58f4b98a-92b8-45f6-90ca-1e9ddb0b1c5b,2025-06-12T12:00:00.034076+00:00,pre_market,long,aggressive_blowthrough,0.07667818,0.17280308,0.75051873,0.75051873,0.07667818,"[0.00,0.50)",asia_low,21754.0,v1,300.0000000000001,14.213071,0.008344923504867872,21748.25,False,2025-06-12T12:05:00.148453+00:00,False,False,not_executable,25.0,8.5,tradeable_reversal,tp_hit,tradeable_reversal,False,tp,15.0,tp,15.0,tp,15.0
optimistic,d44aff94-9e82-4639-bb2b-7fe6b2b44ac4,2025-06-12T13:02:55.496046+00:00,pre_market,short,tradeable_reversal,0.76652231,0.06179955,0.17167814,0.76652231,0.76652231,"[0.70,0.80)",london_high,21863.25,v1,0.386602,0.393285,0.1971153846153846,21832.0,False,2025-06-12T13:07:58.856935+00:00,False,False,not_executable,31.25,0.0,tradeable_reversal,tp_hit,tradeable_reversal,True,sl,-15.0,sl,-25.0,sl,-30.0
pessimistic,d44aff94-9e82-4639-bb2b-7fe6b2b44ac4,2025-06-12T13:02:55.496046+00:00,pre_market,short,tradeable_reversal,0.76652231,0.06179955,0.17167814,0.76652231,0.76652231,"[0.70,0.80)",london_high,21863.25,v1,0.386602,0.393285,0.1971153846153846,21832.0,False,2025-06-12T13:07:58.856935+00:00,False,False,not_executable,31.25,0.0,tradeable_reversal,tp_hit,tradeable_reversal,True,sl,-15.0,sl,-25.0,sl,-30.0
optimistic,84b3958d-1f52-426c-b2a3-2370d2f630b5,2025-06-12T13:30:30.676832+00:00,ny_rth,short,tradeable_reversal,0.68903608,0.24370969,0.06725423,0.68903608,0.68903608,"[0.60,0.70)",london_high,21863.25,v1,37.74135099999999,31.818048,0.17628607277289837,21847.0,False,2025-06-12T13:35:30.720538+00:00,True,True,,25.0,0.0,tradeable_reversal,tp_hit,tradeable_reversal,True,tp,15.0,tp,15.0,tp,15.0
pessimistic,84b3958d-1f52-426c-b2a3-2370d2f630b5,2025-06-12T13:30:30.676832+00:00,ny_rth,short,tradeable_reversal,0.68903608,0.24370969,0.06725423,0.68903608,0.68903608,"[0.60,0.70)",london_high,21863.25,v1,37.74135099999999,31.818048,0.17628607277289837,21847.0,False,2025-06-12T13:35:30.720538+00:00,True,True,,25.0,0.0,tradeable_reversal,tp_hit,tradeable_reversal,True,tp,15.0,tp,15.0,tp,15.0
optimistic,1724ca69-600a-41a7-82ae-b0ca9fda7dae,2025-06-12T14:07:26.554379+00:00,ny_rth,short,trap_reversal,0.33529415,0.40784166,0.25686419,0.40784166,0.33529415,"[0.00,0.50)",asia_high,21894.25,v1,158.4804169999998,132.91759900000005,0.1771758436944938,21902.0,False,2025-06-12T14:12:26.810898+00:00,False,False,not_executable,0.0,37.5,aggressive_blowthrough,sl_hit,aggressive_blowthrough,False,sl,-15.0,sl,-25.0,sl,-30.0
pessimistic,1724ca69-600a-41a7-82ae-b0ca9fda7dae,2025-06-12T14:07:26.554379+00:00,ny_rth,short,trap_reversal,0.33529415,0.40784166,0.25686419,0.40784166,0.33529415,"[0.00,0.50)",asia_high,21894.25,v1,158.4804169999998,132.91759900000005,0.1771758436944938,21902.0,False,2025-06-12T14:12:26.810898+00:00,False,False,not_executable,0.0,37.5,aggressive_blowthrough,sl_hit,aggressive_blowthrough,False,sl,-15.0,sl,-25.0,sl,-30.0
optimistic,66168002-8f7b-4c53-a5f1-ccb9a4a572bc,2025-06-13T04:00:00.362026+00:00,asia,long,aggressive_blowthrough,0.03413814,0.04557965,0.92028221,0.92028221,0.03413814,"[0.00,0.50)",pdl,21818.5,v1,299.9994349999997,0.0,0.0,21557.25,False,2025-06-13T04:05:14.016104+00:00,False,False,not_executable,0.0,261.25,aggressive_blowthrough,sl_hit,aggressive_blowthrough,True,sl,-15.0,sl,-25.0,sl,-30.0
pessimistic,66168002-8f7b-4c53-a5f1-ccb9a4a572bc,2025-06-13T04:00:00.362026+00:00,asia,long,aggressive_blowthrough,0.03413814,0.04557965,0.92028221,0.92028221,0.03413814,"[0.00,0.50)",pdl,21818.5,v1,299.9994349999997,0.0,0.0,21557.25,False,2025-06-13T04:05:14.016104+00:00,False,False,not_executable,0.0,261.25,aggressive_blowthrough,sl_hit,aggressive_blowthrough,True,sl,-15.0,sl,-25.0,sl,-30.0
optimistic,735548a7-3c4c-48fe-bcfa-c22d9c13d8d8,2025-06-13T05:00:02.763822+00:00,london,long,aggressive_blowthrough,0.03413814,0.04557965,0.92028221,0.92028221,0.03413814,"[0.00,0.50)",pdl,21818.5,v1,299.56848499999995,0.0,0.0,21535.75,False,2025-06-13T05:05:03.611484+00:00,False,False,not_executable,0.0,282.75,aggressive_blowthrough,sl_hit,aggressive_blowthrough,True,tp,15.0,tp,15.0,tp,15.0
pessimistic,735548a7-3c4c-48fe-bcfa-c22d9c13d8d8,2025-06-13T05:00:02.763822+00:00,london,long,aggressive_blowthrough,0.03413814,0.04557965,0.92028221,0.92028221,0.03413814,"[0.00,0.50)",pdl,21818.5,v1,299.56848499999995,0.0,0.0,21535.75,False,2025-06-13T05:05:03.611484+00:00,False,False,not_executable,0.0,282.75,aggressive_blowthrough,sl_hit,aggressive_blowthrough,True,tp,15.0,tp,15.0,tp,15.0
optimistic,cdde7983-6d0e-40a1-9200-e98e1015db7d,2025-06-13T12:00:00.236873+00:00,pre_market,long,aggressive_blowthrough,0.03413814,0.04557965,0.92028221,0.92028221,0.03413814,"[0.00,0.50)",pdl,21818.5,v1,299.999772,0.0,0.0,21669.25,False,2025-06-13T12:05:01.069615+00:00,False,False,not_executable,0.0,149.25,aggressive_blowthrough,sl_hit,aggressive_blowthrough,True,tp,15.0,tp,15.0,tp,15.0
pessimistic,cdde7983-6d0e-40a1-9200-e98e1015db7d,2025-06-13T12:00:00.236873+00:00,pre_market,long,aggressive_blowthrough,0.03413814,0.04557965,0.92028221,0.92028221,0.03413814,"[0.00,0.50)",pdl,21818.5,v1,299.999772,0.0,0.0,21669.25,False,2025-06-13T12:05:01.069615+00:00,False,False,not_executable,0.0,149.25,aggressive_blowthrough,sl_hit,aggressive_blowthrough,True,tp,15.0,tp,15.0,tp,15.0
optimistic,ce3030d3-59ec-49f1-9e6c-3dc8de71133d,2025-06-13T13:30:00.000117+00:00,ny_rth,long,aggressive_blowthrough,0.03413814,0.04557965,0.92028221,0.92028221,0.03413814,"[0.00,0.50)",pdl,21818.5,v1,299.9991439999995,0.0,0.0,21764.25,False,2025-06-13T13:35:00.000959+00:00,False,False,not_executable,0.0,54.25,aggressive_blowthrough,sl_hit,aggressive_blowthrough,True,sl,-15.0,sl,-25.0,sl,-30.0
pessimistic,ce3030d3-59ec-49f1-9e6c-3dc8de71133d,2025-06-13T13:30:00.000117+00:00,ny_rth,long,aggressive_blowthrough,0.03413814,0.04557965,0.92028221,0.92028221,0.03413814,"[0.00,0.50)",pdl,21818.5,v1,299.9991439999995,0.0,0.0,21764.25,False,2025-06-13T13:35:00.000959+00:00,False,False,not_executable,0.0,54.25,aggressive_blowthrough,sl_hit,aggressive_blowthrough,True,sl,-15.0,sl,-25.0,sl,-30.0
optimistic,97a21cbd-281c-4950-a98d-ea13e4a2b553,2025-06-16T05:25:26.174440+00:00,london,short,aggressive_blowthrough,0.36190331,0.16696328,0.47113341,0.47113341,0.36190331,"[0.00,0.50)",asia_high,21938.0,v1,269.36020800000006,146.33018399999995,0.18719211822660098,21949.25,False,2025-06-16T05:30:28.171531+00:00,False,False,not_executable,12.5,37.5,trap_reversal,sl_hit,trap_reversal,False,tp,15.0,tp,15.0,tp,15.0
pessimistic,97a21cbd-281c-4950-a98d-ea13e4a2b553,2025-06-16T05:25:26.174440+00:00,london,short,aggressive_blowthrough,0.36190331,0.16696328,0.47113341,0.47113341,0.36190331,"[0.00,0.50)",asia_high,21938.0,v1,269.36020800000006,146.33018399999995,0.18719211822660098,21949.25,False,2025-06-16T05:30:28.171531+00:00,False,False,not_executable,12.5,37.5,trap_reversal,sl_hit,trap_reversal,False,tp,15.0,tp,15.0,tp,15.0
optimistic,92ca7fff-278f-45ce-9524-0fe379dfc831,2025-06-16T12:00:00.387298+00:00,pre_market,short,aggressive_blowthrough,0.03413814,0.04557965,0.92028221,0.92028221,0.03413814,"[0.00,0.50)",asia_high,21938.0,v1,299.8341970000001,0.0,0.0,22029.25,False,2025-06-16T12:05:03.079488+00:00,False,False,not_executable,0.0,91.25,aggressive_blowthrough,sl_hit,aggressive_blowthrough,True,sl,-15.0,sl,-25.0,sl,-30.0
pessimistic,92ca7fff-278f-45ce-9524-0fe379dfc831,2025-06-16T12:00:00.387298+00:00,pre_market,short,aggressive_blowthrough,0.03413814,0.04557965,0.92028221,0.92028221,0.03413814,"[0.00,0.50)",asia_high,21938.0,v1,299.8341970000001,0.0,0.0,22029.25,False,2025-06-16T12:05:03.079488+00:00,False,False,not_executable,0.0,91.25,aggressive_blowthrough,sl_hit,aggressive_blowthrough,True,sl,-15.0,sl,-25.0,sl,-30.0
optimistic,b42162c2-a3e9-434f-b401-475c4c778e4b,2025-06-16T13:30:00.005086+00:00,ny_rth,short,aggressive_blowthrough,0.03413814,0.04557965,0.92028221,0.92028221,0.03413814,"[0.00,0.50)",asia_high,21938.0,v1,299.9999999999998,0.0,0.0,22070.25,False,2025-06-16T13:35:00.049395+00:00,False,False,not_executable,0.0,132.25,aggressive_blowthrough,sl_hit,aggressive_blowthrough,True,tp,15.0,tp,15.0,tp,15.0
pessimistic,b42162c2-a3e9-434f-b401-475c4c778e4b,2025-06-16T13:30:00.005086+00:00,ny_rth,short,aggressive_blowthrough,0.03413814,0.04557965,0.92028221,0.92028221,0.03413814,"[0.00,0.50)",asia_high,21938.0,v1,299.9999999999998,0.0,0.0,22070.25,False,2025-06-16T13:35:00.049395+00:00,False,False,not_executable,0.0,132.25,aggressive_blowthrough,sl_hit,aggressive_blowthrough,True,tp,15.0,tp,15.0,tp,15.0
optimistic,2f5804a2-ebeb-4348-a6ce-617a3e4c2f8f,2025-06-17T07:25:17.871995+00:00,london,long,tradeable_reversal,0.76582351,0.1795491,0.05462739,0.76582351,0.76582351,"[0.70,0.80)",pdl,22014.0,v1,44.532740999999994,23.681879000000002,0.12532637075718014,22027.0,False,2025-06-17T07:30:17.995149+00:00,False,False,not_executable,25.0,0.0,tradeable_reversal,tp_hit,tradeable_reversal,True,tp,15.0,tp,15.0,tp,15.0
pessimistic,2f5804a2-ebeb-4348-a6ce-617a3e4c2f8f,2025-06-17T07:25:17.871995+00:00,london,long,tradeable_reversal,0.76582351,0.1795491,0.05462739,0.76582351,0.76582351,"[0.70,0.80)",pdl,22014.0,v1,44.532740999999994,23.681879000000002,0.12532637075718014,22027.0,False,2025-06-17T07:30:17.995149+00:00,False,False,not_executable,25.0,0.0,tradeable_reversal,tp_hit,tradeable_reversal,True,tp,15.0,tp,15.0,tp,15.0
optimistic,04944003-4fb0-4df4-892a-729585af6782,2025-06-17T14:12:03.104620+00:00,ny_rth,short,trap_reversal,0.34399477,0.52019397,0.13581126,0.52019397,0.34399477,"[0.00,0.50)",london_high,22122.25,v1,137.10075399999982,84.1367439999999,0.19067475360121305,22124.5,False,2025-06-17T14:17:03.574045+00:00,False,False,not_executable,25.0,8.0,tradeable_reversal,tp_hit,tradeable_reversal,False,tp,15.0,tp,15.0,tp,15.0
pessimistic,04944003-4fb0-4df4-892a-729585af6782,2025-06-17T14:12:03.104620+00:00,ny_rth,short,trap_reversal,0.34399477,0.52019397,0.13581126,0.52019397,0.34399477,"[0.00,0.50)",london_high,22122.25,v1,137.10075399999982,84.1367439999999,0.19067475360121305,22124.5,False,2025-06-17T14:17:03.574045+00:00,False,False,not_executable,25.0,8.0,tradeable_reversal,tp_hit,tradeable_reversal,False,tp,15.0,tp,15.0,tp,15.0
optimistic,94f91d50-81bb-4cad-8f22-8490923ba2c4,2025-06-17T17:29:58.580886+00:00,ny_rth,long,tradeable_reversal,0.56800701,0.36462569,0.0673673,0.56800701,0.56800701,"[0.50,0.60)",pdl,22014.0,v1,69.30169400000005,40.70819,0.06595246066287244,22034.5,False,2025-06-17T17:34:58.677005+00:00,True,True,,25.0,0.0,tradeable_reversal,tp_hit,tradeable_reversal,True,tp,15.0,tp,15.0,tp,15.0
pessimistic,94f91d50-81bb-4cad-8f22-8490923ba2c4,2025-06-17T17:29:58.580886+00:00,ny_rth,long,tradeable_reversal,0.56800701,0.36462569,0.0673673,0.56800701,0.56800701,"[0.50,0.60)",pdl,22014.0,v1,69.30169400000005,40.70819,0.06595246066287244,22034.5,False,2025-06-17T17:34:58.677005+00:00,True,True,,25.0,0.0,tradeable_reversal,tp_hit,tradeable_reversal,True,tp,15.0,tp,15.0,tp,15.0
optimistic,9573c85f-9240-451e-a4b5-a0358bb4d10c,2025-06-18T06:11:31.486183+00:00,london,short,trap_reversal,0.41522326,0.5002605,0.08451625,0.5002605,0.41522326,"[0.00,0.50)",asia_high,22010.75,v1,73.848141,178.09072300000008,0.5263157894736842,22003.25,False,2025-06-18T06:16:31.588604+00:00,False,False,not_executable,16.75,37.5,trap_reversal,sl_hit,trap_reversal,True,sl,-15.0,sl,-25.0,sl,-30.0
pessimistic,9573c85f-9240-451e-a4b5-a0358bb4d10c,2025-06-18T06:11:31.486183+00:00,london,short,trap_reversal,0.41522326,0.5002605,0.08451625,0.5002605,0.41522326,"[0.00,0.50)",asia_high,22010.75,v1,73.848141,178.09072300000008,0.5263157894736842,22003.25,False,2025-06-18T06:16:31.588604+00:00,False,False,not_executable,16.75,37.5,trap_reversal,sl_hit,trap_reversal,True,sl,-15.0,sl,-25.0,sl,-30.0
optimistic,1ff0ed5f-cebc-40ee-b0f5-f8696540cbc7,2025-06-18T12:15:16.388933+00:00,pre_market,short,tradeable_reversal,0.51454121,0.4163119,0.06914689,0.51454121,0.51454121,"[0.50,0.60)",asia_high,22010.75,v1,103.36320300000007,33.433946000000006,0.10027855153203342,22000.75,False,2025-06-18T12:20:16.841461+00:00,False,False,not_executable,25.25,1.0,tradeable_reversal,tp_hit,tradeable_reversal,True,tp,15.0,tp,15.0,tp,15.0
pessimistic,1ff0ed5f-cebc-40ee-b0f5-f8696540cbc7,2025-06-18T12:15:16.388933+00:00,pre_market,short,tradeable_reversal,0.51454121,0.4163119,0.06914689,0.51454121,0.51454121,"[0.50,0.60)",asia_high,22010.75,v1,103.36320300000007,33.433946000000006,0.10027855153203342,22000.75,False,2025-06-18T12:20:16.841461+00:00,False,False,not_executable,25.25,1.0,tradeable_reversal,tp_hit,tradeable_reversal,True,tp,15.0,tp,15.0,tp,15.0
optimistic,e2a88e5a-26fc-4e7d-af4c-814985b9156d,2025-06-18T13:32:40.100464+00:00,ny_rth,long,aggressive_blowthrough,0.10387026,0.29904929,0.59708045,0.59708045,0.10387026,"[0.00,0.50)",london_low,21952.0,v1,295.78110300000003,13.21814,0.02350052613118204,21947.25,False,2025-06-18T13:37:40.112349+00:00,False,False,not_executable,25.0,4.75,tradeable_reversal,tp_hit,tradeable_reversal,False,tp,15.0,tp,15.0,tp,15.0
pessimistic,e2a88e5a-26fc-4e7d-af4c-814985b9156d,2025-06-18T13:32:40.100464+00:00,ny_rth,long,aggressive_blowthrough,0.10387026,0.29904929,0.59708045,0.59708045,0.10387026,"[0.00,0.50)",london_low,21952.0,v1,295.78110300000003,13.21814,0.02350052613118204,21947.25,False,2025-06-18T13:37:40.112349+00:00,False,False,not_executable,25.0,4.75,tradeable_reversal,tp_hit,tradeable_reversal,False,tp,15.0,tp,15.0,tp,15.0
optimistic,32824213-06e3-4f63-a9bc-98164893b179,2025-06-18T13:50:59.192332+00:00,ny_rth,short,trap_reversal,0.39745454,0.5039556,0.09858986,0.5039556,0.39745454,"[0.00,0.50)",asia_high,22010.75,v1,147.55855800000006,29.256525999999987,0.08014142604596347,22007.25,False,2025-06-18T13:55:59.270999+00:00,False,False,not_executable,25.0,4.0,tradeable_reversal,tp_hit,tradeable_reversal,False,tp,15.0,tp,15.0,tp,15.0
pessimistic,32824213-06e3-4f63-a9bc-98164893b179,2025-06-18T13:50:59.192332+00:00,ny_rth,short,trap_reversal,0.39745454,0.5039556,0.09858986,0.5039556,0.39745454,"[0.00,0.50)",asia_high,22010.75,v1,147.55855800000006,29.256525999999987,0.08014142604596347,22007.25,False,2025-06-18T13:55:59.270999+00:00,False,False,not_executable,25.0,4.0,tradeable_reversal,tp_hit,tradeable_reversal,False,tp,15.0,tp,15.0,tp,15.0
optimistic,5ae108fc-143c-439c-b35b-e12dc230db69,2025-06-18T14:20:03.525814+00:00,ny_rth,short,trap_reversal,0.30711595,0.50055495,0.1923291,0.50055495,0.30711595,"[0.00,0.50)",london_high,22066.25,v1,176.25149299999978,101.21967300000007,0.14285714285714285,22069.0,False,2025-06-18T14:25:03.732639+00:00,False,False,not_executable,25.0,31.5,tradeable_reversal,tp_hit,tradeable_reversal,False,sl,-15.0,sl,-25.0,tp,15.0
pessimistic,5ae108fc-143c-439c-b35b-e12dc230db69,2025-06-18T14:20:03.525814+00:00,ny_rth,short,trap_reversal,0.30711595,0.50055495,0.1923291,0.50055495,0.30711595,"[0.00,0.50)",london_high,22066.25,v1,176.25149299999978,101.21967300000007,0.14285714285714285,22069.0,False,2025-06-18T14:25:03.732639+00:00,False,False,not_executable,25.0,31.5,tradeable_reversal,tp_hit,tradeable_reversal,False,sl,-15.0,sl,-25.0,tp,15.0
optimistic,972d600e-2589-4de9-953d-5f86689ca8e0,2025-06-18T18:57:09.603527+00:00,ny_rth,long,trap_reversal,0.32878884,0.55394364,0.11726752,0.55394364,0.32878884,"[0.00,0.50)",pdl,21909.5,v1,150.2518599999998,37.964324000000026,0.0724486241727621,21913.5,False,2025-06-18T19:02:10.027186+00:00,False,False,not_executable,25.0,3.25,tradeable_reversal,tp_hit,tradeable_reversal,False,tp,15.0,tp,15.0,tp,15.0
pessimistic,972d600e-2589-4de9-953d-5f86689ca8e0,2025-06-18T18:57:09.603527+00:00,ny_rth,long,trap_reversal,0.32878884,0.55394364,0.11726752,0.55394364,0.32878884,"[0.00,0.50)",pdl,21909.5,v1,150.2518599999998,37.964324000000026,0.0724486241727621,21913.5,False,2025-06-18T19:02:10.027186+00:00,False,False,not_executable,25.0,3.25,tradeable_reversal,tp_hit,tradeable_reversal,False,tp,15.0,tp,15.0,tp,15.0
optimistic,aba18588-31b5-4f5c-b5e3-a18cae140201,2025-06-19T04:00:13.340427+00:00,asia,long,trap_reversal,0.37921562,0.52020265,0.10058173,0.52020265,0.37921562,"[0.00,0.50)",pdl,21882.25,v1,1.156741,156.91249,1.0,21882.75,False,2025-06-19T04:05:27.268698+00:00,False,False,not_executable,21.25,38.0,trap_reversal,sl_hit,trap_reversal,True,tp,15.0,tp,15.0,tp,15.0
pessimistic,aba18588-31b5-4f5c-b5e3-a18cae140201,2025-06-19T04:00:13.340427+00:00,asia,long,trap_reversal,0.37921562,0.52020265,0.10058173,0.52020265,0.37921562,"[0.00,0.50)",pdl,21882.25,v1,1.156741,156.91249,1.0,21882.75,False,2025-06-19T04:05:27.268698+00:00,False,False,not_executable,21.25,38.0,trap_reversal,sl_hit,trap_reversal,True,tp,15.0,tp,15.0,tp,15.0
optimistic,50d7b99e-8bfd-4b0f-9bc9-62401003fb9b,2025-06-19T05:13:08.125987+00:00,london,long,tradeable_reversal,0.48255469,0.41670489,0.10074042,0.48255469,0.48255469,"[0.00,0.50)",pdl,21882.25,v1,95.35874199999996,221.56235099999992,0.32038834951456313,21886.75,False,2025-06-19T05:18:10.592296+00:00,False,False,not_executable,6.75,38.0,trap_reversal,sl_hit,trap_reversal,False,sl,-15.0,sl,-25.0,sl,-30.0
pessimistic,50d7b99e-8bfd-4b0f-9bc9-62401003fb9b,2025-06-19T05:13:08.125987+00:00,london,long,tradeable_reversal,0.48255469,0.41670489,0.10074042,0.48255469,0.48255469,"[0.00,0.50)",pdl,21882.25,v1,95.35874199999996,221.56235099999992,0.32038834951456313,21886.75,False,2025-06-19T05:18:10.592296+00:00,False,False,not_executable,6.75,38.0,trap_reversal,sl_hit,trap_reversal,False,sl,-15.0,sl,-25.0,sl,-30.0
optimistic,24506522-feae-4d73-ba83-83ef41378574,2025-06-19T07:56:37.051495+00:00,london,long,tradeable_reversal,0.60215627,0.31349484,0.08434888,0.60215627,0.60215627,"[0.60,0.70)",asia_low,21790.0,v1,35.708778999999986,44.30204199999998,0.3155080213903743,21819.25,False,2025-06-19T08:01:38.687826+00:00,False,False,not_executable,29.25,0.0,tradeable_reversal,tp_hit,tradeable_reversal,True,tp,15.0,tp,15.0,tp,15.0
pessimistic,24506522-feae-4d73-ba83-83ef41378574,2025-06-19T07:56:37.051495+00:00,london,long,tradeable_reversal,0.60215627,0.31349484,0.08434888,0.60215627,0.60215627,"[0.60,0.70)",asia_low,21790.0,v1,35.708778999999986,44.30204199999998,0.3155080213903743,21819.25,False,2025-06-19T08:01:38.687826+00:00,False,False,not_executable,29.25,0.0,tradeable_reversal,tp_hit,tradeable_reversal,True,tp,15.0,tp,15.0,tp,15.0
optimistic,e3eb21b8-e175-465c-869b-7220a42d0555,2025-06-19T12:00:00.545406+00:00,pre_market,long,aggressive_blowthrough,0.03413814,0.04557965,0.92028221,0.92028221,0.03413814,"[0.00,0.50)",pdl,21882.25,v1,299.45976999999993,0.0,0.0,21795.75,False,2025-06-19T12:05:01.318758+00:00,False,False,not_executable,0.0,86.5,aggressive_blowthrough,sl_hit,aggressive_blowthrough,True,tp,15.0,tp,15.0,tp,15.0
pessimistic,e3eb21b8-e175-465c-869b-7220a42d0555,2025-06-19T12:00:00.545406+00:00,pre_market,long,aggressive_blowthrough,0.03413814,0.04557965,0.92028221,0.92028221,0.03413814,"[0.00,0.50)",pdl,21882.25,v1,299.45976999999993,0.0,0.0,21795.75,False,2025-06-19T12:05:01.318758+00:00,False,False,not_executable,0.0,86.5,aggressive_blowthrough,sl_hit,aggressive_blowthrough,True,tp,15.0,tp,15.0,tp,15.0
optimistic,d103c210-f51d-4d34-abeb-e04c13d26d8f,2025-06-19T12:05:36.087832+00:00,pre_market,long,trap_reversal,0.41453377,0.42748633,0.1579799,0.42748633,0.41453377,"[0.00,0.50)",asia_low,21790.0,v1,0.0,97.97637899999998,1.0,21800.25,False,2025-06-19T12:10:38.322736+00:00,False,False,not_executable,25.5,0.0,tradeable_reversal,tp_hit,tradeable_reversal,False,tp,15.0,tp,15.0,tp,15.0
pessimistic,d103c210-f51d-4d34-abeb-e04c13d26d8f,2025-06-19T12:05:36.087832+00:00,pre_market,long,trap_reversal,0.41453377,0.42748633,0.1579799,0.42748633,0.41453377,"[0.00,0.50)",asia_low,21790.0,v1,0.0,97.97637899999998,1.0,21800.25,False,2025-06-19T12:10:38.322736+00:00,False,False,not_executable,25.5,0.0,tradeable_reversal,tp_hit,tradeable_reversal,False,tp,15.0,tp,15.0,tp,15.0
optimistic,d774a80a-5881-417d-aa9c-9f365590b080,2025-06-19T12:43:34.957908+00:00,pre_market,long,aggressive_blowthrough,0.22370044,0.26642405,0.50987552,0.50987552,0.22370044,"[0.00,0.50)",london_low,21782.75,v1,292.81449399999997,25.483536999999995,0.05178365937859609,21767.0,False,2025-06-19T12:48:35.167782+00:00,False,False,not_executable,0.0,37.5,aggressive_blowthrough,sl_hit,aggressive_blowthrough,True,sl,-15.0,sl,-25.0,sl,-30.0
pessimistic,d774a80a-5881-417d-aa9c-9f365590b080,2025-06-19T12:43:34.957908+00:00,pre_market,long,aggressive_blowthrough,0.22370044,0.26642405,0.50987552,0.50987552,0.22370044,"[0.00,0.50)",london_low,21782.75,v1,292.81449399999997,25.483536999999995,0.05178365937859609,21767.0,False,2025-06-19T12:48:35.167782+00:00,False,False,not_executable,0.0,37.5,aggressive_blowthrough,sl_hit,aggressive_blowthrough,True,sl,-15.0,sl,-25.0,sl,-30.0
optimistic,f9a4f53e-43b7-413f-adb9-c36e00aa8bfe,2025-06-19T13:30:00.293145+00:00,ny_rth,long,aggressive_blowthrough,0.03413814,0.04557965,0.92028221,0.92028221,0.03413814,"[0.00,0.50)",asia_low,21790.0,v1,299.76117599999975,0.0,0.0,21754.75,False,2025-06-19T13:35:00.765490+00:00,False,False,not_executable,0.0,37.5,aggressive_blowthrough,sl_hit,aggressive_blowthrough,True,sl,-15.0,sl,-25.0,sl,-30.0
pessimistic,f9a4f53e-43b7-413f-adb9-c36e00aa8bfe,2025-06-19T13:30:00.293145+00:00,ny_rth,long,aggressive_blowthrough,0.03413814,0.04557965,0.92028221,0.92028221,0.03413814,"[0.00,0.50)",asia_low,21790.0,v1,299.76117599999975,0.0,0.0,21754.75,False,2025-06-19T13:35:00.765490+00:00,False,False,not_executable,0.0,37.5,aggressive_blowthrough,sl_hit,aggressive_blowthrough,True,sl,-15.0,sl,-25.0,sl,-30.0
optimistic,e7cb0fd6-e42b-4dc4-806c-4452fee8ccea,2025-06-20T04:00:09.492924+00:00,asia,short,aggressive_blowthrough,0.03435103,0.0461861,0.91946287,0.91946287,0.03435103,"[0.00,0.50)",pdh,21786.75,v1,296.3728630000001,0.0,0.0,21899.5,False,2025-06-20T04:05:15.359033+00:00,False,False,not_executable,0.0,112.75,aggressive_blowthrough,sl_hit,aggressive_blowthrough,True,sl,-15.0,sl,-25.0,sl,-30.0
pessimistic,e7cb0fd6-e42b-4dc4-806c-4452fee8ccea,2025-06-20T04:00:09.492924+00:00,asia,short,aggressive_blowthrough,0.03435103,0.0461861,0.91946287,0.91946287,0.03435103,"[0.00,0.50)",pdh,21786.75,v1,296.3728630000001,0.0,0.0,21899.5,False,2025-06-20T04:05:15.359033+00:00,False,False,not_executable,0.0,112.75,aggressive_blowthrough,sl_hit,aggressive_blowthrough,True,sl,-15.0,sl,-25.0,sl,-30.0
optimistic,28656c65-5d5a-408b-9765-a02af2b67a7b,2025-06-20T05:00:00.288105+00:00,london,short,aggressive_blowthrough,0.03413814,0.04557965,0.92028221,0.92028221,0.03413814,"[0.00,0.50)",pdh,21786.75,v1,299.490397,0.0,0.0,21903.75,False,2025-06-20T05:05:12.079675+00:00,False,False,not_executable,0.0,117.0,aggressive_blowthrough,sl_hit,aggressive_blowthrough,True,sl,-15.0,sl,-25.0,sl,-30.0
pessimistic,28656c65-5d5a-408b-9765-a02af2b67a7b,2025-06-20T05:00:00.288105+00:00,london,short,aggressive_blowthrough,0.03413814,0.04557965,0.92028221,0.92028221,0.03413814,"[0.00,0.50)",pdh,21786.75,v1,299.490397,0.0,0.0,21903.75,False,2025-06-20T05:05:12.079675+00:00,False,False,not_executable,0.0,117.0,aggressive_blowthrough,sl_hit,aggressive_blowthrough,True,sl,-15.0,sl,-25.0,sl,-30.0
optimistic,33b6cab3-9c30-4297-b51c-6c8cf7c7f87e,2025-06-20T06:05:43.028854+00:00,london,short,tradeable_reversal,0.37346719,0.31552427,0.31100854,0.37346719,0.37346719,"[0.00,0.50)",asia_high,21930.25,v1,191.43036899999998,204.3795519999999,0.21271393643031786,21931.5,False,2025-06-20T06:10:44.522363+00:00,False,False,not_executable,25.25,14.5,tradeable_reversal,tp_hit,tradeable_reversal,True,tp,15.0,tp,15.0,tp,15.0
pessimistic,33b6cab3-9c30-4297-b51c-6c8cf7c7f87e,2025-06-20T06:05:43.028854+00:00,london,short,tradeable_reversal,0.37346719,0.31552427,0.31100854,0.37346719,0.37346719,"[0.00,0.50)",asia_high,21930.25,v1,191.43036899999998,204.3795519999999,0.21271393643031786,21931.5,False,2025-06-20T06:10:44.522363+00:00,False,False,not_executable,25.25,14.5,tradeable_reversal,tp_hit,tradeable_reversal,True,tp,15.0,tp,15.0,tp,15.0
optimistic,9595ea0d-e476-405f-ae54-93728ee3aeb2,2025-06-20T12:00:00.004027+00:00,pre_market,short,aggressive_blowthrough,0.03413814,0.04557965,0.92028221,0.92028221,0.03413814,"[0.00,0.50)",pdh,21786.75,v1,299.99969400000026,0.0,0.0,21985.25,False,2025-06-20T12:05:00.918239+00:00,False,False,not_executable,0.0,198.5,aggressive_blowthrough,sl_hit,aggressive_blowthrough,True,sl,-15.0,sl,-25.0,sl,-30.0
pessimistic,9595ea0d-e476-405f-ae54-93728ee3aeb2,2025-06-20T12:00:00.004027+00:00,pre_market,short,aggressive_blowthrough,0.03413814,0.04557965,0.92028221,0.92028221,0.03413814,"[0.00,0.50)",pdh,21786.75,v1,299.99969400000026,0.0,0.0,21985.25,False,2025-06-20T12:05:00.918239+00:00,False,False,not_executable,0.0,198.5,aggressive_blowthrough,sl_hit,aggressive_blowthrough,True,sl,-15.0,sl,-25.0,sl,-30.0
optimistic,5706302b-b76e-4b15-a041-67a1fc5fd9dd,2025-06-20T12:33:23.786266+00:00,pre_market,short,trap_reversal,0.3569712,0.55376927,0.08925953,0.55376927,0.3569712,"[0.00,0.50)",london_high,22006.0,v1,121.6091140000001,91.28980300000005,0.11863313990973566,22004.0,False,2025-06-20T12:38:24.343190+00:00,False,False,not_executable,8.5,37.5,trap_reversal,sl_hit,trap_reversal,True,sl,-15.0,sl,-25.0,sl,-30.0
pessimistic,5706302b-b76e-4b15-a041-67a1fc5fd9dd,2025-06-20T12:33:23.786266+00:00,pre_market,short,trap_reversal,0.3569712,0.55376927,0.08925953,0.55376927,0.3569712,"[0.00,0.50)",london_high,22006.0,v1,121.6091140000001,91.28980300000005,0.11863313990973566,22004.0,False,2025-06-20T12:38:24.343190+00:00,False,False,not_executable,8.5,37.5,trap_reversal,sl_hit,trap_reversal,True,sl,-15.0,sl,-25.0,sl,-30.0
optimistic,182bb255-e981-44eb-a4e3-f60d8a217bd5,2025-06-20T13:30:00.000448+00:00,ny_rth,short,aggressive_blowthrough,0.03413814,0.04557965,0.92028221,0.92028221,0.03413814,"[0.00,0.50)",pdh,21786.75,v1,299.99908699999963,0.0,0.0,22089.75,False,2025-06-20T13:35:00.008470+00:00,False,False,not_executable,0.0,303.0,aggressive_blowthrough,sl_hit,aggressive_blowthrough,True,sl,-15.0,sl,-25.0,sl,-30.0
pessimistic,182bb255-e981-44eb-a4e3-f60d8a217bd5,2025-06-20T13:30:00.000448+00:00,ny_rth,short,aggressive_blowthrough,0.03413814,0.04557965,0.92028221,0.92028221,0.03413814,"[0.00,0.50)",pdh,21786.75,v1,299.99908699999963,0.0,0.0,22089.75,False,2025-06-20T13:35:00.008470+00:00,False,False,not_executable,0.0,303.0,aggressive_blowthrough,sl_hit,aggressive_blowthrough,True,sl,-15.0,sl,-25.0,sl,-30.0
optimistic,29c89e81-b13f-4e31-a812-042da03be5a7,2025-06-20T14:45:52.431960+00:00,ny_rth,long,trap_reversal,0.20649758,0.51803954,0.27546288,0.51803954,0.20649758,"[0.00,0.50)",london_low,21859.0,v1,219.50313000000082,41.785441000000006,0.03927688906229679,21823.5,False,2025-06-20T14:50:52.433685+00:00,False,False,not_executable,0.0,37.5,aggressive_blowthrough,sl_hit,aggressive_blowthrough,False,sl,-15.0,tp,15.0,tp,15.0
pessimistic,29c89e81-b13f-4e31-a812-042da03be5a7,2025-06-20T14:45:52.431960+00:00,ny_rth,long,trap_reversal,0.20649758,0.51803954,0.27546288,0.51803954,0.20649758,"[0.00,0.50)",london_low,21859.0,v1,219.50313000000082,41.785441000000006,0.03927688906229679,21823.5,False,2025-06-20T14:50:52.433685+00:00,False,False,not_executable,0.0,37.5,aggressive_blowthrough,sl_hit,aggressive_blowthrough,False,sl,-15.0,tp,15.0,tp,15.0
optimistic,56c2caf7-afbd-4ed8-9170-400766475e9b,2025-06-23T05:08:10.384111+00:00,london,short,aggressive_blowthrough,0.15578701,0.34202619,0.5021868,0.5021868,0.15578701,"[0.00,0.50)",asia_high,21787.0,v1,298.5818579999998,48.598805,0.015180265654648957,21809.25,False,2025-06-23T05:13:11.764855+00:00,False,False,not_executable,0.0,37.5,aggressive_blowthrough,sl_hit,aggressive_blowthrough,True,tp,15.0,tp,15.0,tp,15.0
pessimistic,56c2caf7-afbd-4ed8-9170-400766475e9b,2025-06-23T05:08:10.384111+00:00,london,short,aggressive_blowthrough,0.15578701,0.34202619,0.5021868,0.5021868,0.15578701,"[0.00,0.50)",asia_high,21787.0,v1,298.5818579999998,48.598805,0.015180265654648957,21809.25,False,2025-06-23T05:13:11.764855+00:00,False,False,not_executable,0.0,37.5,aggressive_blowthrough,sl_hit,aggressive_blowthrough,True,tp,15.0,tp,15.0,tp,15.0
optimistic,72cefc29-e3bf-4c4b-b07d-c304678c0072,2025-06-23T12:00:00.009022+00:00,pre_market,short,aggressive_blowthrough,0.03413814,0.04557965,0.92028221,0.92028221,0.03413814,"[0.00,0.50)",asia_high,21787.0,v1,299.99773099999993,0.0,0.0,21839.5,False,2025-06-23T12:05:00.019859+00:00,False,False,not_executable,0.0,52.5,aggressive_blowthrough,sl_hit,aggressive_blowthrough,True,tp,15.0,tp,15.0,tp,15.0
pessimistic,72cefc29-e3bf-4c4b-b07d-c304678c0072,2025-06-23T12:00:00.009022+00:00,pre_market,short,aggressive_blowthrough,0.03413814,0.04557965,0.92028221,0.92028221,0.03413814,"[0.00,0.50)",asia_high,21787.0,v1,299.99773099999993,0.0,0.0,21839.5,False,2025-06-23T12:05:00.019859+00:00,False,False,not_executable,0.0,52.5,aggressive_blowthrough,sl_hit,aggressive_blowthrough,True,tp,15.0,tp,15.0,tp,15.0
optimistic,ee045f2d-e049-422c-8b95-62bb72fcd7f4,2025-06-23T13:30:00.001171+00:00,ny_rth,short,trap_reversal,0.11597232,0.70284603,0.18118165,0.70284603,0.11597232,"[0.00,0.50)",asia_high,21787.0,v1,221.2001130000007,20.92919699999998,0.024361585461381795,21784.5,False,2025-06-23T13:35:00.002918+00:00,False,False,not_executable,12.5,37.5,trap_reversal,sl_hit,trap_reversal,True,sl,-15.0,sl,-25.0,sl,-30.0
pessimistic,ee045f2d-e049-422c-8b95-62bb72fcd7f4,2025-06-23T13:30:00.001171+00:00,ny_rth,short,trap_reversal,0.11597232,0.70284603,0.18118165,0.70284603,0.11597232,"[0.00,0.50)",asia_high,21787.0,v1,221.2001130000007,20.92919699999998,0.024361585461381795,21784.5,False,2025-06-23T13:35:00.002918+00:00,False,False,not_executable,12.5,37.5,trap_reversal,sl_hit,trap_reversal,True,sl,-15.0,sl,-25.0,sl,-30.0
optimistic,d09bd111-4940-4d51-a17b-96dc66fcb56c,2025-06-23T14:00:07.668028+00:00,ny_rth,short,aggressive_blowthrough,0.19959036,0.37372794,0.4266817,0.4266817,0.19959036,"[0.00,0.50)",london_high,21944.25,v1,232.84563000000026,45.33230300000002,0.068504695400915,21963.75,False,2025-06-23T14:05:07.674993+00:00,False,False,not_executable,0.0,37.5,aggressive_blowthrough,sl_hit,aggressive_blowthrough,True,sl,-15.0,sl,-25.0,sl,-30.0
pessimistic,d09bd111-4940-4d51-a17b-96dc66fcb56c,2025-06-23T14:00:07.668028+00:00,ny_rth,short,aggressive_blowthrough,0.19959036,0.37372794,0.4266817,0.4266817,0.19959036,"[0.00,0.50)",london_high,21944.25,v1,232.84563000000026,45.33230300000002,0.068504695400915,21963.75,False,2025-06-23T14:05:07.674993+00:00,False,False,not_executable,0.0,37.5,aggressive_blowthrough,sl_hit,aggressive_blowthrough,True,sl,-15.0,sl,-25.0,sl,-30.0
optimistic,adbd494a-6e8a-44b3-b42b-e882baf21136,2025-06-24T04:00:00.996232+00:00,asia,short,aggressive_blowthrough,0.03413814,0.04557965,0.92028221,0.92028221,0.03413814,"[0.00,0.50)",pdh,22093.0,v1,300.00000000000006,0.0,0.0,22244.75,False,2025-06-24T04:05:02.258778+00:00,False,False,not_executable,0.0,151.75,aggressive_blowthrough,sl_hit,aggressive_blowthrough,True,tp,15.0,tp,15.0,tp,15.0
pessimistic,adbd494a-6e8a-44b3-b42b-e882baf21136,2025-06-24T04:00:00.996232+00:00,asia,short,aggressive_blowthrough,0.03413814,0.04557965,0.92028221,0.92028221,0.03413814,"[0.00,0.50)",pdh,22093.0,v1,300.00000000000006,0.0,0.0,22244.75,False,2025-06-24T04:05:02.258778+00:00,False,False,not_executable,0.0,151.75,aggressive_blowthrough,sl_hit,aggressive_blowthrough,True,tp,15.0,tp,15.0,tp,15.0
optimistic,5706651b-38a1-4305-8173-d515a6a27217,2025-06-24T05:00:00.689975+00:00,london,short,aggressive_blowthrough,0.03413814,0.04557965,0.92028221,0.92028221,0.03413814,"[0.00,0.50)",pdh,22093.0,v1,299.51354399999997,0.0,0.0,22246.5,False,2025-06-24T05:05:02.109127+00:00,False,False,not_executable,0.0,153.5,aggressive_blowthrough,sl_hit,aggressive_blowthrough,True,sl,-15.0,sl,-25.0,sl,-30.0
pessimistic,5706651b-38a1-4305-8173-d515a6a27217,2025-06-24T05:00:00.689975+00:00,london,short,aggressive_blowthrough,0.03413814,0.04557965,0.92028221,0.92028221,0.03413814,"[0.00,0.50)",pdh,22093.0,v1,299.51354399999997,0.0,0.0,22246.5,False,2025-06-24T05:05:02.109127+00:00,False,False,not_executable,0.0,153.5,aggressive_blowthrough,sl_hit,aggressive_blowthrough,True,sl,-15.0,sl,-25.0,sl,-30.0
optimistic,da766748-fb95-4e0d-a9b5-cb2fc2bfc48e,2025-06-24T05:34:13.093317+00:00,london,short,aggressive_blowthrough,0.03391277,0.04506331,0.92102392,0.92102392,0.03391277,"[0.00,0.50)",asia_high,22271.5,v1,299.9963580000004,0.003642,0.004803843074459567,22284.75,False,2025-06-24T05:39:14.209020+00:00,False,False,not_executable,0.0,37.5,aggressive_blowthrough,sl_hit,aggressive_blowthrough,True,sl,-15.0,sl,-25.0,sl,-30.0
pessimistic,da766748-fb95-4e0d-a9b5-cb2fc2bfc48e,2025-06-24T05:34:13.093317+00:00,london,short,aggressive_blowthrough,0.03391277,0.04506331,0.92102392,0.92102392,0.03391277,"[0.00,0.50)",asia_high,22271.5,v1,299.9963580000004,0.003642,0.004803843074459567,22284.75,False,2025-06-24T05:39:14.209020+00:00,False,False,not_executable,0.0,37.5,aggressive_blowthrough,sl_hit,aggressive_blowthrough,True,sl,-15.0,sl,-25.0,sl,-30.0
optimistic,5c717478-c6f5-4700-8e5f-2e8f81f74435,2025-06-24T12:00:00.008384+00:00,pre_market,short,aggressive_blowthrough,0.03413814,0.04557965,0.92028221,0.92028221,0.03413814,"[0.00,0.50)",pdh,22093.0,v1,299.9870600000001,0.0,0.0,22304.0,False,2025-06-24T12:05:00.015472+00:00,False,False,not_executable,0.0,211.0,aggressive_blowthrough,sl_hit,aggressive_blowthrough,True,tp,15.0,tp,15.0,tp,15.0
pessimistic,5c717478-c6f5-4700-8e5f-2e8f81f74435,2025-06-24T12:00:00.008384+00:00,pre_market,short,aggressive_blowthrough,0.03413814,0.04557965,0.92028221,0.92028221,0.03413814,"[0.00,0.50)",pdh,22093.0,v1,299.9870600000001,0.0,0.0,22304.0,False,2025-06-24T12:05:00.015472+00:00,False,False,not_executable,0.0,211.0,aggressive_blowthrough,sl_hit,aggressive_blowthrough,True,tp,15.0,tp,15.0,tp,15.0
optimistic,3e5f69d6-ace9-4fc9-bd09-3241df950a78,2025-06-24T13:30:00.001053+00:00,ny_rth,short,aggressive_blowthrough,0.03413814,0.04557965,0.92028221,0.92028221,0.03413814,"[0.00,0.50)",pdh,22093.0,v1,299.9984709999997,0.0,0.0,22295.0,False,2025-06-24T13:35:00.001883+00:00,False,False,not_executable,0.0,202.0,aggressive_blowthrough,sl_hit,aggressive_blowthrough,True,sl,-15.0,sl,-25.0,sl,-30.0
pessimistic,3e5f69d6-ace9-4fc9-bd09-3241df950a78,2025-06-24T13:30:00.001053+00:00,ny_rth,short,aggressive_blowthrough,0.03413814,0.04557965,0.92028221,0.92028221,0.03413814,"[0.00,0.50)",pdh,22093.0,v1,299.9984709999997,0.0,0.0,22295.0,False,2025-06-24T13:35:00.001883+00:00,False,False,not_executable,0.0,202.0,aggressive_blowthrough,sl_hit,aggressive_blowthrough,True,sl,-15.0,sl,-25.0,sl,-30.0
optimistic,7a6b824f-cf6e-4ce3-81f7-530341e94d3e,2025-06-24T15:46:16.266136+00:00,ny_rth,short,tradeable_reversal,0.47797799,0.44478904,0.07723297,0.47797799,0.47797799,"[0.00,0.50)",london_high,22384.5,v1,32.590441999999996,87.75740099999997,0.4476003917727718,22382.0,False,2025-06-24T15:51:16.267141+00:00,True,True,,25.0,0.0,tradeable_reversal,tp_hit,tradeable_reversal,True,tp,15.0,tp,15.0,tp,15.0
pessimistic,7a6b824f-cf6e-4ce3-81f7-530341e94d3e,2025-06-24T15:46:16.266136+00:00,ny_rth,short,tradeable_reversal,0.47797799,0.44478904,0.07723297,0.47797799,0.47797799,"[0.00,0.50)",london_high,22384.5,v1,32.590441999999996,87.75740099999997,0.4476003917727718,22382.0,False,2025-06-24T15:51:16.267141+00:00,True,True,,25.0,0.0,tradeable_reversal,tp_hit,tradeable_reversal,True,tp,15.0,tp,15.0,tp,15.0
optimistic,9b493cc6-949b-4aa0-afe5-75b150774186,2025-06-25T05:23:50.407266+00:00,london,short,trap_reversal,0.38345888,0.5293898,0.08715132,0.5293898,0.38345888,"[0.00,0.50)",asia_high,22434.75,v1,13.06121,120.00907700000003,0.9113924050632911,22434.0,False,2025-06-25T05:28:53.012018+00:00,False,False,not_executable,25.0,2.0,tradeable_reversal,tp_hit,tradeable_reversal,False,tp,15.0,tp,15.0,tp,15.0
pessimistic,9b493cc6-949b-4aa0-afe5-75b150774186,2025-06-25T05:23:50.407266+00:00,london,short,trap_reversal,0.38345888,0.5293898,0.08715132,0.5293898,0.38345888,"[0.00,0.50)",asia_high,22434.75,v1,13.06121,120.00907700000003,0.9113924050632911,22434.0,False,2025-06-25T05:28:53.012018+00:00,False,False,not_executable,25.0,2.0,tradeable_reversal,tp_hit,tradeable_reversal,False,tp,15.0,tp,15.0,tp,15.0
optimistic,ae386d8e-b1be-4c6a-b987-d32574f4af56,2025-06-25T09:20:45.496285+00:00,london,short,tradeable_reversal,0.53957852,0.37810744,0.08231404,0.53957852,0.53957852,"[0.50,0.60)",pdh,22448.25,v1,48.768356,66.878528,0.23728813559322035,22446.0,False,2025-06-25T09:25:45.792405+00:00,False,False,not_executable,25.0,0.0,tradeable_reversal,tp_hit,tradeable_reversal,True,tp,15.0,tp,15.0,tp,15.0
pessimistic,ae386d8e-b1be-4c6a-b987-d32574f4af56,2025-06-25T09:20:45.496285+00:00,london,short,tradeable_reversal,0.53957852,0.37810744,0.08231404,0.53957852,0.53957852,"[0.50,0.60)",pdh,22448.25,v1,48.768356,66.878528,0.23728813559322035,22446.0,False,2025-06-25T09:25:45.792405+00:00,False,False,not_executable,25.0,0.0,tradeable_reversal,tp_hit,tradeable_reversal,True,tp,15.0,tp,15.0,tp,15.0
optimistic,e2790141-6eaa-4c21-90a7-9efb126c2182,2025-06-25T12:00:00.000955+00:00,pre_market,short,aggressive_blowthrough,0.03413814,0.04557965,0.92028221,0.92028221,0.03413814,"[0.00,0.50)",asia_high,22434.75,v1,299.99887500000006,0.0,0.0,22485.0,False,2025-06-25T12:05:00.043914+00:00,False,False,not_executable,0.0,50.25,aggressive_blowthrough,sl_hit,aggressive_blowthrough,True,sl,-15.0,sl,-25.0,sl,-30.0
pessimistic,e2790141-6eaa-4c21-90a7-9efb126c2182,2025-06-25T12:00:00.000955+00:00,pre_market,short,aggressive_blowthrough,0.03413814,0.04557965,0.92028221,0.92028221,0.03413814,"[0.00,0.50)",asia_high,22434.75,v1,299.99887500000006,0.0,0.0,22485.0,False,2025-06-25T12:05:00.043914+00:00,False,False,not_executable,0.0,50.25,aggressive_blowthrough,sl_hit,aggressive_blowthrough,True,sl,-15.0,sl,-25.0,sl,-30.0
optimistic,90269ec6-ce46-4104-ab32-0b02274a332a,2025-06-25T13:30:00.000092+00:00,ny_rth,short,aggressive_blowthrough,0.03413814,0.04557965,0.92028221,0.92028221,0.03413814,"[0.00,0.50)",asia_high,22434.75,v1,299.9999999999992,0.0,0.0,22518.25,False,2025-06-25T13:35:00.024571+00:00,False,False,not_executable,0.0,83.5,aggressive_blowthrough,sl_hit,aggressive_blowthrough,True,sl,-15.0,sl,-25.0,sl,-30.0
pessimistic,90269ec6-ce46-4104-ab32-0b02274a332a,2025-06-25T13:30:00.000092+00:00,ny_rth,short,aggressive_blowthrough,0.03413814,0.04557965,0.92028221,0.92028221,0.03413814,"[0.00,0.50)",asia_high,22434.75,v1,299.9999999999992,0.0,0.0,22518.25,False,2025-06-25T13:35:00.024571+00:00,False,False,not_executable,0.0,83.5,aggressive_blowthrough,sl_hit,aggressive_blowthrough,True,sl,-15.0,sl,-25.0,sl,-30.0
optimistic,bbf2abb2-c99e-4cb7-a271-ef7f95180148,2025-06-25T17:40:33.123518+00:00,ny_rth,long,tradeable_reversal,0.5421733,0.38178458,0.07604213,0.5421733,0.5421733,"[0.50,0.60)",london_low,22406.0,v1,81.40623800000003,38.30825199999998,0.14707835325365207,22424.75,False,2025-06-25T17:45:33.446429+00:00,True,True,,25.0,0.0,tradeable_reversal,tp_hit,tradeable_reversal,True,sl,-15.0,tp,15.0,tp,15.0
pessimistic,bbf2abb2-c99e-4cb7-a271-ef7f95180148,2025-06-25T17:40:33.123518+00:00,ny_rth,long,tradeable_reversal,0.5421733,0.38178458,0.07604213,0.5421733,0.5421733,"[0.50,0.60)",london_low,22406.0,v1,81.40623800000003,38.30825199999998,0.14707835325365207,22424.75,False,2025-06-25T17:45:33.446429+00:00,True,True,,25.0,0.0,tradeable_reversal,tp_hit,tradeable_reversal,True,sl,-15.0,tp,15.0,tp,15.0
optimistic,c861731a-3d06-4e80-8386-e74dad96c682,2025-06-26T05:55:54.265433+00:00,london,short,tradeable_reversal,0.39113811,0.31852763,0.29033426,0.39113811,0.39113811,"[0.00,0.50)",asia_high,22508.0,v1,175.44845399999994,226.90911399999993,0.2857142857142857,22510.75,False,2025-06-26T06:00:55.649397+00:00,False,False,not_executable,0.0,37.5,aggressive_blowthrough,sl_hit,aggressive_blowthrough,False,sl,-15.0,sl,-25.0,sl,-30.0
pessimistic,c861731a-3d06-4e80-8386-e74dad96c682,2025-06-26T05:55:54.265433+00:00,london,short,tradeable_reversal,0.39113811,0.31852763,0.29033426,0.39113811,0.39113811,"[0.00,0.50)",asia_high,22508.0,v1,175.44845399999994,226.90911399999993,0.2857142857142857,22510.75,False,2025-06-26T06:00:55.649397+00:00,False,False,not_executable,0.0,37.5,aggressive_blowthrough,sl_hit,aggressive_blowthrough,False,sl,-15.0,sl,-25.0,sl,-30.0
optimistic,374581f5-7a73-41a2-8f88-fca2a3f32ac0,2025-06-26T07:17:35.095742+00:00,london,short,tradeable_reversal,0.60628208,0.32705449,0.06666343,0.60628208,0.60628208,"[0.60,0.70)",pdh,22548.25,v1,40.975587999999995,59.007947,0.09587217043941411,22529.75,False,2025-06-26T07:22:35.406473+00:00,False,False,not_executable,25.0,36.75,tradeable_reversal,tp_hit,tradeable_reversal,True,sl,-15.0,sl,-25.0,sl,-30.0
pessimistic,374581f5-7a73-41a2-8f88-fca2a3f32ac0,2025-06-26T07:17:35.095742+00:00,london,short,tradeable_reversal,0.60628208,0.32705449,0.06666343,0.60628208,0.60628208,"[0.60,0.70)",pdh,22548.25,v1,40.975587999999995,59.007947,0.09587217043941411,22529.75,False,2025-06-26T07:22:35.406473+00:00,False,False,not_executable,25.0,36.75,tradeable_reversal,tp_hit,tradeable_reversal,True,sl,-15.0,sl,-25.0,sl,-30.0
optimistic,3fa0e2ba-20a9-4ad9-99c7-989917831659,2025-06-26T12:00:00.014382+00:00,pre_market,short,aggressive_blowthrough,0.03413814,0.04557965,0.92028221,0.92028221,0.03413814,"[0.00,0.50)",asia_high,22508.0,v1,299.9992260000001,0.0,0.0,22579.5,False,2025-06-26T12:05:00.056035+00:00,False,False,not_executable,0.0,71.5,aggressive_blowthrough,sl_hit,aggressive_blowthrough,True,tp,15.0,tp,15.0,tp,15.0
pessimistic,3fa0e2ba-20a9-4ad9-99c7-989917831659,2025-06-26T12:00:00.014382+00:00,pre_market,short,aggressive_blowthrough,0.03413814,0.04557965,0.92028221,0.92028221,0.03413814,"[0.00,0.50)",asia_high,22508.0,v1,299.9992260000001,0.0,0.0,22579.5,False,2025-06-26T12:05:00.056035+00:00,False,False,not_executable,0.0,71.5,aggressive_blowthrough,sl_hit,aggressive_blowthrough,True,tp,15.0,tp,15.0,tp,15.0
optimistic,f4a90e24-2051-4500-bd8a-b0af0b5b9d24,2025-06-26T12:05:19.609414+00:00,pre_market,short,tradeable_reversal,0.59044699,0.34029544,0.06925757,0.59044699,0.59044699,"[0.50,0.60)",london_high,22581.25,v1,62.483984999999976,60.69844899999999,0.11864406779661017,22572.75,False,2025-06-26T12:10:22.394974+00:00,False,False,not_executable,25.0,0.0,tradeable_reversal,tp_hit,tradeable_reversal,True,tp,15.0,tp,15.0,tp,15.0
pessimistic,f4a90e24-2051-4500-bd8a-b0af0b5b9d24,2025-06-26T12:05:19.609414+00:00,pre_market,short,tradeable_reversal,0.59044699,0.34029544,0.06925757,0.59044699,0.59044699,"[0.50,0.60)",london_high,22581.25,v1,62.483984999999976,60.69844899999999,0.11864406779661017,22572.75,False,2025-06-26T12:10:22.394974+00:00,False,False,not_executable,25.0,0.0,tradeable_reversal,tp_hit,tradeable_reversal,True,tp,15.0,tp,15.0,tp,15.0
optimistic,f50a134c-f10b-4fb9-b847-1a4ee7583dc5,2025-06-26T13:30:00.000090+00:00,ny_rth,short,aggressive_blowthrough,0.03413814,0.04557965,0.92028221,0.92028221,0.03413814,"[0.00,0.50)",asia_high,22508.0,v1,299.99815200000006,0.0,0.0,22534.75,False,2025-06-26T13:35:00.003240+00:00,False,False,not_executable,0.0,37.5,aggressive_blowthrough,sl_hit,aggressive_blowthrough,True,tp,15.0,tp,15.0,tp,15.0
pessimistic,f50a134c-f10b-4fb9-b847-1a4ee7583dc5,2025-06-26T13:30:00.000090+00:00,ny_rth,short,aggressive_blowthrough,0.03413814,0.04557965,0.92028221,0.92028221,0.03413814,"[0.00,0.50)",asia_high,22508.0,v1,299.99815200000006,0.0,0.0,22534.75,False,2025-06-26T13:35:00.003240+00:00,False,False,not_executable,0.0,37.5,aggressive_blowthrough,sl_hit,aggressive_blowthrough,True,tp,15.0,tp,15.0,tp,15.0
optimistic,c41baad6-0fc0-46c4-87f7-560f106fadc7,2025-06-26T13:48:01.281447+00:00,ny_rth,long,trap_reversal,0.31132832,0.53720644,0.15146524,0.53720644,0.31132832,"[0.00,0.50)",london_low,22493.75,v1,177.8363980000002,51.342024000000016,0.08758995962787432,22494.0,False,2025-06-26T13:53:01.311647+00:00,False,False,not_executable,25.0,4.5,tradeable_reversal,tp_hit,tradeable_reversal,False,tp,15.0,tp,15.0,tp,15.0
pessimistic,c41baad6-0fc0-46c4-87f7-560f106fadc7,2025-06-26T13:48:01.281447+00:00,ny_rth,long,trap_reversal,0.31132832,0.53720644,0.15146524,0.53720644,0.31132832,"[0.00,0.50)",london_low,22493.75,v1,177.8363980000002,51.342024000000016,0.08758995962787432,22494.0,False,2025-06-26T13:53:01.311647+00:00,False,False,not_executable,25.0,4.5,tradeable_reversal,tp_hit,tradeable_reversal,False,tp,15.0,tp,15.0,tp,15.0
optimistic,780d8f49-f248-430a-9711-645d775fe2f9,2025-06-26T14:30:29.081490+00:00,ny_rth,short,trap_reversal,0.30947833,0.52071002,0.16981165,0.52071002,0.30947833,"[0.00,0.50)",london_high,22581.25,v1,163.01626200000004,99.33237799999999,0.13229424063866185,22577.0,False,2025-06-26T14:35:29.110642+00:00,False,False,not_executable,25.0,30.5,tradeable_reversal,tp_hit,tradeable_reversal,False,tp,15.0,tp,15.0,tp,15.0
pessimistic,780d8f49-f248-430a-9711-645d775fe2f9,2025-06-26T14:30:29.081490+00:00,ny_rth,short,trap_reversal,0.30947833,0.52071002,0.16981165,0.52071002,0.30947833,"[0.00,0.50)",london_high,22581.25,v1,163.01626200000004,99.33237799999999,0.13229424063866185,22577.0,False,2025-06-26T14:35:29.110642+00:00,False,False,not_executable,25.0,30.5,tradeable_reversal,tp_hit,tradeable_reversal,False,tp,15.0,tp,15.0,tp,15.0
optimistic,5f5d0de7-31a8-4fd7-8b37-02d2855c1e80,2025-06-27T04:00:03.316060+00:00,asia,short,trap_reversal,0.3349798,0.57922347,0.08579673,0.57922347,0.3349798,"[0.00,0.50)",pdh,22694.0,v1,5.633014,221.860039,0.96,22690.0,False,2025-06-27T04:05:08.942125+00:00,False,False,not_executable,7.25,37.5,trap_reversal,sl_hit,trap_reversal,True,sl,-15.0,sl,-25.0,sl,-30.0
pessimistic,5f5d0de7-31a8-4fd7-8b37-02d2855c1e80,2025-06-27T04:00:03.316060+00:00,asia,short,trap_reversal,0.3349798,0.57922347,0.08579673,0.57922347,0.3349798,"[0.00,0.50)",pdh,22694.0,v1,5.633014,221.860039,0.96,22690.0,False,2025-06-27T04:05:08.942125+00:00,False,False,not_executable,7.25,37.5,trap_reversal,sl_hit,trap_reversal,True,sl,-15.0,sl,-25.0,sl,-30.0
optimistic,8bf7ab4a-aa23-4a28-8c8e-dbb0d1ac934f,2025-06-27T05:02:39.011696+00:00,london,short,tradeable_reversal,0.37922093,0.3742465,0.24653257,0.37922093,0.37922093,"[0.00,0.50)",pdh,22694.0,v1,159.37720000000004,285.02073999999993,0.6666666666666666,22695.0,False,2025-06-27T05:07:40.257846+00:00,False,False,not_executable,1.75,37.5,aggressive_blowthrough,sl_hit,aggressive_blowthrough,False,sl,-15.0,sl,-25.0,sl,-30.0
pessimistic,8bf7ab4a-aa23-4a28-8c8e-dbb0d1ac934f,2025-06-27T05:02:39.011696+00:00,london,short,tradeable_reversal,0.37922093,0.3742465,0.24653257,0.37922093,0.37922093,"[0.00,0.50)",pdh,22694.0,v1,159.37720000000004,285.02073999999993,0.6666666666666666,22695.0,False,2025-06-27T05:07:40.257846+00:00,False,False,not_executable,1.75,37.5,aggressive_blowthrough,sl_hit,aggressive_blowthrough,False,sl,-15.0,sl,-25.0,sl,-30.0
optimistic,92e3aafd-7434-4730-a86a-bc1d39c76550,2025-06-27T05:41:00.954110+00:00,london,short,trap_reversal,0.33874142,0.5687738,0.09248477,0.5687738,0.33874142,"[0.00,0.50)",asia_high,22713.5,v1,1.917611,206.67859400000003,0.8985507246376812,22712.75,False,2025-06-27T05:46:07.036600+00:00,False,False,not_executable,6.5,37.5,trap_reversal,sl_hit,trap_reversal,True,sl,-15.0,sl,-25.0,sl,-30.0
pessimistic,92e3aafd-7434-4730-a86a-bc1d39c76550,2025-06-27T05:41:00.954110+00:00,london,short,trap_reversal,0.33874142,0.5687738,0.09248477,0.5687738,0.33874142,"[0.00,0.50)",asia_high,22713.5,v1,1.917611,206.67859400000003,0.8985507246376812,22712.75,False,2025-06-27T05:46:07.036600+00:00,False,False,not_executable,6.5,37.5,trap_reversal,sl_hit,trap_reversal,True,sl,-15.0,sl,-25.0,sl,-30.0
optimistic,d2853694-5881-476a-aee1-af68a3696c2a,2025-06-27T12:00:00.003015+00:00,pre_market,short,aggressive_blowthrough,0.03413814,0.04557965,0.92028221,0.92028221,0.03413814,"[0.00,0.50)",pdh,22694.0,v1,299.70168599999994,0.0,0.0,22774.75,False,2025-06-27T12:05:00.074805+00:00,False,False,not_executable,0.0,80.75,aggressive_blowthrough,sl_hit,aggressive_blowthrough,True,tp,15.0,tp,15.0,tp,15.0
pessimistic,d2853694-5881-476a-aee1-af68a3696c2a,2025-06-27T12:00:00.003015+00:00,pre_market,short,aggressive_blowthrough,0.03413814,0.04557965,0.92028221,0.92028221,0.03413814,"[0.00,0.50)",pdh,22694.0,v1,299.70168599999994,0.0,0.0,22774.75,False,2025-06-27T12:05:00.074805+00:00,False,False,not_executable,0.0,80.75,aggressive_blowthrough,sl_hit,aggressive_blowthrough,True,tp,15.0,tp,15.0,tp,15.0
optimistic,78ae562a-af33-4e02-8cce-5abaac860700,2025-06-27T13:30:00.000307+00:00,ny_rth,short,aggressive_blowthrough,0.13749473,0.40003298,0.46247229,0.46247229,0.13749473,"[0.00,0.50)",pdh,22694.0,v1,290.71876199999906,19.915646999999986,0.02407281388227288,22717.75,False,2025-06-27T13:35:00.009051+00:00,False,False,not_executable,0.0,37.5,aggressive_blowthrough,sl_hit,aggressive_blowthrough,True,sl,-15.0,sl,-25.0,sl,-30.0
pessimistic,78ae562a-af33-4e02-8cce-5abaac860700,2025-06-27T13:30:00.000307+00:00,ny_rth,short,aggressive_blowthrough,0.13749473,0.40003298,0.46247229,0.46247229,0.13749473,"[0.00,0.50)",pdh,22694.0,v1,290.71876199999906,19.915646999999986,0.02407281388227288,22717.75,False,2025-06-27T13:35:00.009051+00:00,False,False,not_executable,0.0,37.5,aggressive_blowthrough,sl_hit,aggressive_blowthrough,True,sl,-15.0,sl,-25.0,sl,-30.0
optimistic,2a346644-14a5-4a7f-9b19-90730748e7eb,2025-06-27T14:00:32.531559+00:00,ny_rth,short,aggressive_blowthrough,0.06413781,0.18048383,0.75537836,0.75537836,0.06413781,"[0.00,0.50)",london_high,22780.0,v1,299.0391569999996,8.241428999999998,0.015645685401372005,22800.75,False,2025-06-27T14:05:32.584134+00:00,False,False,not_executable,0.0,37.5,aggressive_blowthrough,sl_hit,aggressive_blowthrough,True,sl,-15.0,tp,15.0,tp,15.0
pessimistic,2a346644-14a5-4a7f-9b19-90730748e7eb,2025-06-27T14:00:32.531559+00:00,ny_rth,short,aggressive_blowthrough,0.06413781,0.18048383,0.75537836,0.75537836,0.06413781,"[0.00,0.50)",london_high,22780.0,v1,299.0391569999996,8.241428999999998,0.015645685401372005,22800.75,False,2025-06-27T14:05:32.584134+00:00,False,False,not_executable,0.0,37.5,aggressive_blowthrough,sl_hit,aggressive_blowthrough,True,sl,-15.0,tp,15.0,tp,15.0
optimistic,d7fd9714-2147-4bb5-a9a8-2bd016868a1b,2025-06-27T18:30:07.228851+00:00,ny_rth,long,trap_reversal,0.44134282,0.48128129,0.07737589,0.48128129,0.44134282,"[0.00,0.50)",asia_low,22660.25,v1,111.87333900000007,46.79397499999996,0.09109466700688951,22671.75,False,2025-06-27T18:35:07.370783+00:00,False,False,not_executable,15.0,37.5,trap_reversal,sl_hit,trap_reversal,True,sl,-15.0,sl,-25.0,sl,-30.0
pessimistic,d7fd9714-2147-4bb5-a9a8-2bd016868a1b,2025-06-27T18:30:07.228851+00:00,ny_rth,long,trap_reversal,0.44134282,0.48128129,0.07737589,0.48128129,0.44134282,"[0.00,0.50)",asia_low,22660.25,v1,111.87333900000007,46.79397499999996,0.09109466700688951,22671.75,False,2025-06-27T18:35:07.370783+00:00,False,False,not_executable,15.0,37.5,trap_reversal,sl_hit,trap_reversal,True,sl,-15.0,sl,-25.0,sl,-30.0
optimistic,47af80fa-7531-4fcf-8083-e61bbf64ab44,2025-06-30T06:06:37.548263+00:00,london,short,tradeable_reversal,0.48886671,0.42276516,0.08836813,0.48886671,0.48886671,"[0.00,0.50)",asia_high,22885.25,v1,65.05384799999999,152.82774899999995,0.11559633027522936,22887.25,False,2025-06-30T06:11:37.917589+00:00,False,False,not_executable,25.0,16.25,tradeable_reversal,tp_hit,tradeable_reversal,True,tp,15.0,tp,15.0,tp,15.0
pessimistic,47af80fa-7531-4fcf-8083-e61bbf64ab44,2025-06-30T06:06:37.548263+00:00,london,short,tradeable_reversal,0.48886671,0.42276516,0.08836813,0.48886671,0.48886671,"[0.00,0.50)",asia_high,22885.25,v1,65.05384799999999,152.82774899999995,0.11559633027522936,22887.25,False,2025-06-30T06:11:37.917589+00:00,False,False,not_executable,25.0,16.25,tradeable_reversal,tp_hit,tradeable_reversal,True,tp,15.0,tp,15.0,tp,15.0
optimistic,06ddbffb-e420-426c-852d-94dacc2702b0,2025-06-30T12:00:00.149809+00:00,pre_market,short,aggressive_blowthrough,0.13353257,0.28905878,0.57740865,0.57740865,0.13353257,"[0.00,0.50)",asia_high,22885.25,v1,299.99973699999975,35.368999,0.0,22887.25,False,2025-06-30T12:05:01.149084+00:00,False,False,not_executable,25.0,12.0,tradeable_reversal,tp_hit,tradeable_reversal,False,tp,15.0,tp,15.0,tp,15.0
pessimistic,06ddbffb-e420-426c-852d-94dacc2702b0,2025-06-30T12:00:00.149809+00:00,pre_market,short,aggressive_blowthrough,0.13353257,0.28905878,0.57740865,0.57740865,0.13353257,"[0.00,0.50)",asia_high,22885.25,v1,299.99973699999975,35.368999,0.0,22887.25,False,2025-06-30T12:05:01.149084+00:00,False,False,not_executable,25.0,12.0,tradeable_reversal,tp_hit,tradeable_reversal,False,tp,15.0,tp,15.0,tp,15.0
optimistic,167e2978-e74d-4416-9c6f-6c6c3ce9c304,2025-06-30T13:31:56.001554+00:00,ny_rth,long,aggressive_blowthrough,0.10421375,0.28902148,0.60676477,0.60676477,0.10421375,"[0.00,0.50)",london_low,22849.25,v1,294.3968729999996,9.455784,0.025391680172879523,22822.75,False,2025-06-30T13:36:56.145566+00:00,False,False,not_executable,0.0,37.5,aggressive_blowthrough,sl_hit,aggressive_blowthrough,True,tp,15.0,tp,15.0,tp,15.0
pessimistic,167e2978-e74d-4416-9c6f-6c6c3ce9c304,2025-06-30T13:31:56.001554+00:00,ny_rth,long,aggressive_blowthrough,0.10421375,0.28902148,0.60676477,0.60676477,0.10421375,"[0.00,0.50)",london_low,22849.25,v1,294.3968729999996,9.455784,0.025391680172879523,22822.75,False,2025-06-30T13:36:56.145566+00:00,False,False,not_executable,0.0,37.5,aggressive_blowthrough,sl_hit,aggressive_blowthrough,True,tp,15.0,tp,15.0,tp,15.0
optimistic,4116edea-2c05-4a4b-bb30-fdd4dbdb71c8,2025-06-30T19:25:58.564150+00:00,ny_rth,short,trap_reversal,0.35661423,0.54829798,0.09508779,0.54829798,0.35661423,"[0.00,0.50)",asia_high,22885.25,v1,131.77148400000016,81.96348900000005,0.12266835282959215,22869.0,False,2025-06-30T19:30:58.715587+00:00,False,False,not_executable,21.5,37.5,trap_reversal,sl_hit,trap_reversal,True,sl,-15.0,sl,-25.0,sl,-30.0
pessimistic,4116edea-2c05-4a4b-bb30-fdd4dbdb71c8,2025-06-30T19:25:58.564150+00:00,ny_rth,short,trap_reversal,0.35661423,0.54829798,0.09508779,0.54829798,0.35661423,"[0.00,0.50)",asia_high,22885.25,v1,131.77148400000016,81.96348900000005,0.12266835282959215,22869.0,False,2025-06-30T19:30:58.715587+00:00,False,False,not_executable,21.5,37.5,trap_reversal,sl_hit,trap_reversal,True,sl,-15.0,sl,-25.0,sl,-30.0
optimistic,cc5765ac-7c80-47f6-82b8-8868a3493794,2025-07-01T05:23:16.184639+00:00,london,long,tradeable_reversal,0.50012905,0.41516757,0.08470338,0.50012905,0.50012905,"[0.50,0.60)",asia_low,22846.25,v1,40.805553999999994,110.88011099999999,0.26146788990825687,22851.0,False,2025-07-01T05:28:17.609784+00:00,False,False,not_executable,19.5,37.5,trap_reversal,sl_hit,trap_reversal,False,sl,-15.0,sl,-25.0,sl,-30.0
pessimistic,cc5765ac-7c80-47f6-82b8-8868a3493794,2025-07-01T05:23:16.184639+00:00,london,long,tradeable_reversal,0.50012905,0.41516757,0.08470338,0.50012905,0.50012905,"[0.50,0.60)",asia_low,22846.25,v1,40.805553999999994,110.88011099999999,0.26146788990825687,22851.0,False,2025-07-01T05:28:17.609784+00:00,False,False,not_executable,19.5,37.5,trap_reversal,sl_hit,trap_reversal,False,sl,-15.0,sl,-25.0,sl,-30.0
optimistic,2978cbb4-f035-440f-b762-aa14f626d0c7,2025-07-01T12:00:00.031907+00:00,pre_market,long,aggressive_blowthrough,0.03413814,0.04557965,0.92028221,0.92028221,0.03413814,"[0.00,0.50)",asia_low,22846.25,v1,299.92914400000006,0.0,0.0,22825.75,False,2025-07-01T12:05:00.035431+00:00,False,False,not_executable,0.0,37.5,aggressive_blowthrough,sl_hit,aggressive_blowthrough,True,sl,-15.0,sl,-25.0,sl,-30.0
pessimistic,2978cbb4-f035-440f-b762-aa14f626d0c7,2025-07-01T12:00:00.031907+00:00,pre_market,long,aggressive_blowthrough,0.03413814,0.04557965,0.92028221,0.92028221,0.03413814,"[0.00,0.50)",asia_low,22846.25,v1,299.92914400000006,0.0,0.0,22825.75,False,2025-07-01T12:05:00.035431+00:00,False,False,not_executable,0.0,37.5,aggressive_blowthrough,sl_hit,aggressive_blowthrough,True,sl,-15.0,sl,-25.0,sl,-30.0
optimistic,a9752c3a-254a-4341-ae3b-201ded2da428,2025-07-01T12:08:49.144526+00:00,pre_market,long,aggressive_blowthrough,0.30113053,0.22100298,0.47786649,0.47786649,0.30113053,"[0.00,0.50)",london_low,22808.75,v1,279.6283639999996,110.47937200000004,0.06580732700135686,22799.25,False,2025-07-01T12:13:50.659830+00:00,False,False,not_executable,0.0,37.5,aggressive_blowthrough,sl_hit,aggressive_blowthrough,True,sl,-15.0,sl,-25.0,sl,-30.0
pessimistic,a9752c3a-254a-4341-ae3b-201ded2da428,2025-07-01T12:08:49.144526+00:00,pre_market,long,aggressive_blowthrough,0.30113053,0.22100298,0.47786649,0.47786649,0.30113053,"[0.00,0.50)",london_low,22808.75,v1,279.6283639999996,110.47937200000004,0.06580732700135686,22799.25,False,2025-07-01T12:13:50.659830+00:00,False,False,not_executable,0.0,37.5,aggressive_blowthrough,sl_hit,aggressive_blowthrough,True,sl,-15.0,sl,-25.0,sl,-30.0
optimistic,0b893d47-1fee-436f-aea6-0efd59baf6ca,2025-07-01T12:24:20.280948+00:00,pre_market,long,aggressive_blowthrough,0.04228647,0.07027419,0.88743934,0.88743934,0.04228647,"[0.00,0.50)",pdl,22781.0,v1,299.6217329999997,1.2019390000000003,0.012248123271434215,22764.5,False,2025-07-01T12:29:20.821124+00:00,False,False,not_executable,25.0,16.5,tradeable_reversal,tp_hit,tradeable_reversal,False,tp,15.0,tp,15.0,tp,15.0
pessimistic,0b893d47-1fee-436f-aea6-0efd59baf6ca,2025-07-01T12:24:20.280948+00:00,pre_market,long,aggressive_blowthrough,0.04228647,0.07027419,0.88743934,0.88743934,0.04228647,"[0.00,0.50)",pdl,22781.0,v1,299.6217329999997,1.2019390000000003,0.012248123271434215,22764.5,False,2025-07-01T12:29:20.821124+00:00,False,False,not_executable,25.0,16.5,tradeable_reversal,tp_hit,tradeable_reversal,False,tp,15.0,tp,15.0,tp,15.0
optimistic,537b0ac9-94fb-4f88-b6d7-341151e431aa,2025-07-01T13:30:00.000532+00:00,ny_rth,long,trap_reversal,0.31841951,0.53040827,0.15117223,0.53040827,0.31841951,"[0.00,0.50)",london_low,22808.75,v1,157.76028299999984,76.68815600000015,0.12552561906245133,22804.25,False,2025-07-01T13:35:00.006151+00:00,False,False,not_executable,25.0,28.75,tradeable_reversal,tp_hit,tradeable_reversal,False,sl,-15.0,tp,15.0,tp,15.0
pessimistic,537b0ac9-94fb-4f88-b6d7-341151e431aa,2025-07-01T13:30:00.000532+00:00,ny_rth,long,trap_reversal,0.31841951,0.53040827,0.15117223,0.53040827,0.31841951,"[0.00,0.50)",london_low,22808.75,v1,157.76028299999984,76.68815600000015,0.12552561906245133,22804.25,False,2025-07-01T13:35:00.006151+00:00,False,False,not_executable,25.0,28.75,tradeable_reversal,tp_hit,tradeable_reversal,False,sl,-15.0,tp,15.0,tp,15.0
optimistic,70bb4a60-d240-4ce5-b0a0-f25a53c2b786,2025-07-01T13:44:07.856288+00:00,ny_rth,long,tradeable_reversal,0.81995934,0.079303,0.10073766,0.81995934,0.81995934,"[0.80,0.90)",pdl,22781.0,v1,2.500779,10.21685199999999,0.8064516129032258,22809.25,False,2025-07-01T13:49:07.968861+00:00,True,True,,28.25,0.0,tradeable_reversal,tp_hit,tradeable_reversal,True,tp,15.0,tp,15.0,tp,15.0
pessimistic,70bb4a60-d240-4ce5-b0a0-f25a53c2b786,2025-07-01T13:44:07.856288+00:00,ny_rth,long,tradeable_reversal,0.81995934,0.079303,0.10073766,0.81995934,0.81995934,"[0.80,0.90)",pdl,22781.0,v1,2.500779,10.21685199999999,0.8064516129032258,22809.25,False,2025-07-01T13:49:07.968861+00:00,True,True,,28.25,0.0,tradeable_reversal,tp_hit,tradeable_reversal,True,tp,15.0,tp,15.0,tp,15.0
optimistic,7e373356-f3d7-4b70-9ce7-bef703790c6d,2025-07-02T10:49:39.565354+00:00,london,long,tradeable_reversal,0.75280267,0.06052048,0.18667685,0.75280267,0.75280267,"[0.70,0.80)",asia_low,22675.5,v1,0.344239,5.165278,1.0,22678.75,False,2025-07-02T10:54:44.832867+00:00,False,False,not_executable,25.0,3.5,tradeable_reversal,tp_hit,tradeable_reversal,True,tp,15.0,tp,15.0,tp,15.0
pessimistic,7e373356-f3d7-4b70-9ce7-bef703790c6d,2025-07-02T10:49:39.565354+00:00,london,long,tradeable_reversal,0.75280267,0.06052048,0.18667685,0.75280267,0.75280267,"[0.70,0.80)",asia_low,22675.5,v1,0.344239,5.165278,1.0,22678.75,False,2025-07-02T10:54:44.832867+00:00,False,False,not_executable,25.0,3.5,tradeable_reversal,tp_hit,tradeable_reversal,True,tp,15.0,tp,15.0,tp,15.0
optimistic,400a4b3c-41ec-4d90-a6c1-720286837ed0,2025-07-02T12:00:00.014187+00:00,pre_market,long,aggressive_blowthrough,0.03413814,0.04557965,0.92028221,0.92028221,0.03413814,"[0.00,0.50)",asia_low,22675.5,v1,299.9997299999996,0.0,0.0,22662.0,False,2025-07-02T12:05:00.038966+00:00,False,False,not_executable,10.25,37.5,trap_reversal,sl_hit,trap_reversal,False,tp,15.0,tp,15.0,tp,15.0
pessimistic,400a4b3c-41ec-4d90-a6c1-720286837ed0,2025-07-02T12:00:00.014187+00:00,pre_market,long,aggressive_blowthrough,0.03413814,0.04557965,0.92028221,0.92028221,0.03413814,"[0.00,0.50)",asia_low,22675.5,v1,299.9997299999996,0.0,0.0,22662.0,False,2025-07-02T12:05:00.038966+00:00,False,False,not_executable,10.25,37.5,trap_reversal,sl_hit,trap_reversal,False,tp,15.0,tp,15.0,tp,15.0
optimistic,c12ef8a3-c786-4f00-95b2-26df2f70e360,2025-07-02T12:24:16.194915+00:00,pre_market,long,aggressive_blowthrough,0.19004253,0.30181823,0.50813924,0.50813924,0.19004253,"[0.00,0.50)",london_low,22638.25,v1,242.38920700000017,37.452341000000025,0.05190989226248776,22646.5,False,2025-07-02T12:29:16.628155+00:00,False,False,not_executable,8.25,37.5,trap_reversal,sl_hit,trap_reversal,False,sl,-15.0,sl,-25.0,sl,-30.0
pessimistic,c12ef8a3-c786-4f00-95b2-26df2f70e360,2025-07-02T12:24:16.194915+00:00,pre_market,long,aggressive_blowthrough,0.19004253,0.30181823,0.50813924,0.50813924,0.19004253,"[0.00,0.50)",london_low,22638.25,v1,242.38920700000017,37.452341000000025,0.05190989226248776,22646.5,False,2025-07-02T12:29:16.628155+00:00,False,False,not_executable,8.25,37.5,trap_reversal,sl_hit,trap_reversal,False,sl,-15.0,sl,-25.0,sl,-30.0
optimistic,3e0be9fe-fcbf-4597-a5d4-483afb2a35f4,2025-07-02T12:42:07.366849+00:00,pre_market,long,trap_reversal,0.38270392,0.53143489,0.08586119,0.53143489,0.38270392,"[0.00,0.50)",pdl,22594.5,v1,122.141504,69.63549400000001,0.12067881835323696,22612.25,False,2025-07-02T12:47:08.992682+00:00,False,False,not_executable,25.0,0.0,tradeable_reversal,tp_hit,tradeable_reversal,False,sl,-15.0,tp,15.0,tp,15.0
pessimistic,3e0be9fe-fcbf-4597-a5d4-483afb2a35f4,2025-07-02T12:42:07.366849+00:00,pre_market,long,trap_reversal,0.38270392,0.53143489,0.08586119,0.53143489,0.38270392,"[0.00,0.50)",pdl,22594.5,v1,122.141504,69.63549400000001,0.12067881835323696,22612.25,False,2025-07-02T12:47:08.992682+00:00,False,False,not_executable,25.0,0.0,tradeable_reversal,tp_hit,tradeable_reversal,False,sl,-15.0,tp,15.0,tp,15.0
optimistic,05956cbb-8ce4-4e8b-818b-1aff40769f46,2025-07-02T13:30:00.000509+00:00,ny_rth,long,trap_reversal,0.13484966,0.7486396,0.11651075,0.7486396,0.13484966,"[0.00,0.50)",asia_low,22675.5,v1,198.72268600000018,22.895729999999993,0.0209136581376329,22668.5,False,2025-07-02T13:35:00.013586+00:00,False,False,not_executable,25.0,14.0,tradeable_reversal,tp_hit,tradeable_reversal,False,tp,15.0,tp,15.0,tp,15.0
pessimistic,05956cbb-8ce4-4e8b-818b-1aff40769f46,2025-07-02T13:30:00.000509+00:00,ny_rth,long,trap_reversal,0.13484966,0.7486396,0.11651075,0.7486396,0.13484966,"[0.00,0.50)",asia_low,22675.5,v1,198.72268600000018,22.895729999999993,0.0209136581376329,22668.5,False,2025-07-02T13:35:00.013586+00:00,False,False,not_executable,25.0,14.0,tradeable_reversal,tp_hit,tradeable_reversal,False,tp,15.0,tp,15.0,tp,15.0
optimistic,3ebce9e1-82b6-4040-a1e5-592434eacef8,2025-07-02T14:25:49.999316+00:00,ny_rth,short,aggressive_blowthrough,0.24898012,0.24583063,0.50518925,0.50518925,0.24898012,"[0.00,0.50)",london_high,22780.0,v1,253.9593019999998,49.44677500000001,0.06299122906937009,22794.5,False,2025-07-02T14:30:50.078877+00:00,False,False,not_executable,9.0,37.5,trap_reversal,sl_hit,trap_reversal,False,sl,-15.0,tp,15.0,tp,15.0
pessimistic,3ebce9e1-82b6-4040-a1e5-592434eacef8,2025-07-02T14:25:49.999316+00:00,ny_rth,short,aggressive_blowthrough,0.24898012,0.24583063,0.50518925,0.50518925,0.24898012,"[0.00,0.50)",london_high,22780.0,v1,253.9593019999998,49.44677500000001,0.06299122906937009,22794.5,False,2025-07-02T14:30:50.078877+00:00,False,False,not_executable,9.0,37.5,trap_reversal,sl_hit,trap_reversal,False,sl,-15.0,tp,15.0,tp,15.0
optimistic,9116eca2-e763-4657-bc6b-cdea1a8cb857,2025-07-02T17:02:16.555456+00:00,ny_rth,short,tradeable_reversal,0.47121849,0.06239534,0.46638617,0.47121849,0.47121849,"[0.00,0.50)",pdh,22848.25,v1,0.0,0.08254399999999999,1.0,22834.25,False,2025-07-02T17:07:16.767867+00:00,True,True,,25.25,0.0,tradeable_reversal,tp_hit,tradeable_reversal,True,tp,15.0,tp,15.0,tp,15.0
pessimistic,9116eca2-e763-4657-bc6b-cdea1a8cb857,2025-07-02T17:02:16.555456+00:00,ny_rth,short,tradeable_reversal,0.47121849,0.06239534,0.46638617,0.47121849,0.47121849,"[0.00,0.50)",pdh,22848.25,v1,0.0,0.08254399999999999,1.0,22834.25,False,2025-07-02T17:07:16.767867+00:00,True,True,,25.25,0.0,tradeable_reversal,tp_hit,tradeable_reversal,True,tp,15.0,tp,15.0,tp,15.0
optimistic,a234313d-619b-4f3d-827d-d581b0068c2a,2025-07-03T04:00:01.362264+00:00,asia,short,aggressive_blowthrough,0.03413814,0.04557965,0.92028221,0.92028221,0.03413814,"[0.00,0.50)",pdh,22854.0,v1,299.7689170000001,0.0,0.0,22863.25,False,2025-07-03T04:05:04.707671+00:00,False,False,not_executable,4.0,37.5,aggressive_blowthrough,sl_hit,aggressive_blowthrough,True,sl,-15.0,sl,-25.0,sl,-30.0
pessimistic,a234313d-619b-4f3d-827d-d581b0068c2a,2025-07-03T04:00:01.362264+00:00,asia,short,aggressive_blowthrough,0.03413814,0.04557965,0.92028221,0.92028221,0.03413814,"[0.00,0.50)",pdh,22854.0,v1,299.7689170000001,0.0,0.0,22863.25,False,2025-07-03T04:05:04.707671+00:00,False,False,not_executable,4.0,37.5,aggressive_blowthrough,sl_hit,aggressive_blowthrough,True,sl,-15.0,sl,-25.0,sl,-30.0
optimistic,b13724a7-727a-4e22-8a4c-a89acbba2074,2025-07-03T05:00:00.755172+00:00,london,short,aggressive_blowthrough,0.0340765,0.04570785,0.92021565,0.92021565,0.0340765,"[0.00,0.50)",pdh,22854.0,v1,293.7797840000002,0.0,0.0,22867.75,False,2025-07-03T05:05:00.858149+00:00,False,False,not_executable,4.0,37.5,aggressive_blowthrough,sl_hit,aggressive_blowthrough,True,tp,15.0,tp,15.0,tp,15.0
pessimistic,b13724a7-727a-4e22-8a4c-a89acbba2074,2025-07-03T05:00:00.755172+00:00,london,short,aggressive_blowthrough,0.0340765,0.04570785,0.92021565,0.92021565,0.0340765,"[0.00,0.50)",pdh,22854.0,v1,293.7797840000002,0.0,0.0,22867.75,False,2025-07-03T05:05:00.858149+00:00,False,False,not_executable,4.0,37.5,aggressive_blowthrough,sl_hit,aggressive_blowthrough,True,tp,15.0,tp,15.0,tp,15.0
optimistic,08d02f64-8edb-4dac-a520-c3cbe20a8706,2025-07-03T06:44:02.090158+00:00,london,short,aggressive_blowthrough,0.24773028,0.21112608,0.54114365,0.54114365,0.24773028,"[0.00,0.50)",asia_high,22882.0,v1,288.76893099999984,52.423538000000015,0.062264150943396226,22883.0,False,2025-07-03T06:49:05.311549+00:00,False,False,not_executable,25.0,19.0,tradeable_reversal,tp_hit,tradeable_reversal,False,sl,-15.0,tp,15.0,tp,15.0
pessimistic,08d02f64-8edb-4dac-a520-c3cbe20a8706,2025-07-03T06:44:02.090158+00:00,london,short,aggressive_blowthrough,0.24773028,0.21112608,0.54114365,0.54114365,0.24773028,"[0.00,0.50)",asia_high,22882.0,v1,288.76893099999984,52.423538000000015,0.062264150943396226,22883.0,False,2025-07-03T06:49:05.311549+00:00,False,False,not_executable,25.0,19.0,tradeable_reversal,tp_hit,tradeable_reversal,False,sl,-15.0,tp,15.0,tp,15.0
optimistic,576cca51-e9c4-4420-b182-4e99a8276d05,2025-07-03T12:00:00.001339+00:00,pre_market,short,aggressive_blowthrough,0.03413814,0.04557965,0.92028221,0.92028221,0.03413814,"[0.00,0.50)",pdh,22854.0,v1,299.9999900000001,0.0,0.0,22870.25,False,2025-07-03T12:05:02.500441+00:00,False,False,not_executable,2.5,37.5,aggressive_blowthrough,sl_hit,aggressive_blowthrough,True,tp,15.0,tp,15.0,tp,15.0
pessimistic,576cca51-e9c4-4420-b182-4e99a8276d05,2025-07-03T12:00:00.001339+00:00,pre_market,short,aggressive_blowthrough,0.03413814,0.04557965,0.92028221,0.92028221,0.03413814,"[0.00,0.50)",pdh,22854.0,v1,299.9999900000001,0.0,0.0,22870.25,False,2025-07-03T12:05:02.500441+00:00,False,False,not_executable,2.5,37.5,aggressive_blowthrough,sl_hit,aggressive_blowthrough,True,tp,15.0,tp,15.0,tp,15.0
optimistic,487d313e-dd31-4140-abdc-c4dd2feaaf7c,2025-07-03T12:30:01.149947+00:00,pre_market,short,aggressive_blowthrough,0.03413814,0.04557965,0.92028221,0.92028221,0.03413814,"[0.00,0.50)",asia_high,22882.0,v1,299.9999969999994,0.0,0.0004272895598917533,22933.25,False,2025-07-03T12:35:01.149962+00:00,False,False,not_executable,0.0,51.25,aggressive_blowthrough,sl_hit,aggressive_blowthrough,True,tp,15.0,tp,15.0,tp,15.0
pessimistic,487d313e-dd31-4140-abdc-c4dd2feaaf7c,2025-07-03T12:30:01.149947+00:00,pre_market,short,aggressive_blowthrough,0.03413814,0.04557965,0.92028221,0.92028221,0.03413814,"[0.00,0.50)",asia_high,22882.0,v1,299.9999969999994,0.0,0.0004272895598917533,22933.25,False,2025-07-03T12:35:01.149962+00:00,False,False,not_executable,0.0,51.25,aggressive_blowthrough,sl_hit,aggressive_blowthrough,True,tp,15.0,tp,15.0,tp,15.0
optimistic,f7e97002-1929-4be9-9485-666611ec4d6c,2025-07-03T13:30:00.002356+00:00,ny_rth,short,aggressive_blowthrough,0.03413814,0.04557965,0.92028221,0.92028221,0.03413814,"[0.00,0.50)",pdh,22854.0,v1,299.99999999999926,0.0,0.0,22964.25,False,2025-07-03T13:35:00.006886+00:00,False,False,not_executable,0.0,110.25,aggressive_blowthrough,sl_hit,aggressive_blowthrough,True,sl,-15.0,tp,15.0,tp,15.0
pessimistic,f7e97002-1929-4be9-9485-666611ec4d6c,2025-07-03T13:30:00.002356+00:00,ny_rth,short,aggressive_blowthrough,0.03413814,0.04557965,0.92028221,0.92028221,0.03413814,"[0.00,0.50)",pdh,22854.0,v1,299.99999999999926,0.0,0.0,22964.25,False,2025-07-03T13:35:00.006886+00:00,False,False,not_executable,0.0,110.25,aggressive_blowthrough,sl_hit,aggressive_blowthrough,True,sl,-15.0,tp,15.0,tp,15.0
optimistic,9ce8c6c9-fcda-45f2-9063-34a954f7308a,2025-07-04T05:34:52.006512+00:00,london,long,tradeable_reversal,0.45419777,0.36045437,0.18534786,0.45419777,0.45419777,"[0.00,0.50)",asia_low,22991.75,v1,135.26659400000003,231.80034600000002,0.25862068965517243,22993.25,False,2025-07-04T05:40:03.750545+00:00,False,False,not_executable,17.25,37.5,trap_reversal,sl_hit,trap_reversal,False,tp,15.0,tp,15.0,tp,15.0
pessimistic,9ce8c6c9-fcda-45f2-9063-34a954f7308a,2025-07-04T05:34:52.006512+00:00,london,long,tradeable_reversal,0.45419777,0.36045437,0.18534786,0.45419777,0.45419777,"[0.00,0.50)",asia_low,22991.75,v1,135.26659400000003,231.80034600000002,0.25862068965517243,22993.25,False,2025-07-04T05:40:03.750545+00:00,False,False,not_executable,17.25,37.5,trap_reversal,sl_hit,trap_reversal,False,tp,15.0,tp,15.0,tp,15.0
optimistic,9ca84113-4474-4b69-b937-c0fe762240b8,2025-07-04T08:15:14.765901+00:00,london,long,tradeable_reversal,0.47179283,0.38830602,0.13990116,0.47179283,0.47179283,"[0.00,0.50)",pdl,22930.25,v1,126.861287,164.75984099999985,0.31950207468879666,22943.25,False,2025-07-04T08:20:15.732249+00:00,False,False,not_executable,25.5,0.0,tradeable_reversal,tp_hit,tradeable_reversal,True,tp,15.0,tp,15.0,tp,15.0
pessimistic,9ca84113-4474-4b69-b937-c0fe762240b8,2025-07-04T08:15:14.765901+00:00,london,long,tradeable_reversal,0.47179283,0.38830602,0.13990116,0.47179283,0.47179283,"[0.00,0.50)",pdl,22930.25,v1,126.861287,164.75984099999985,0.31950207468879666,22943.25,False,2025-07-04T08:20:15.732249+00:00,False,False,not_executable,25.5,0.0,tradeable_reversal,tp_hit,tradeable_reversal,True,tp,15.0,tp,15.0,tp,15.0
optimistic,9be7d6a2-e07a-4a1c-869d-c20b05260f88,2025-07-04T12:00:00.009016+00:00,pre_market,long,aggressive_blowthrough,0.37402076,0.15888935,0.46708989,0.46708989,0.37402076,"[0.00,0.50)",pdl,22930.25,v1,252.65405799999996,175.44377500000002,0.2733812949640288,22931.25,False,2025-07-04T12:05:01.050053+00:00,False,False,not_executable,7.75,37.75,trap_reversal,sl_hit,trap_reversal,False,sl,-15.0,sl,-25.0,sl,-30.0
pessimistic,9be7d6a2-e07a-4a1c-869d-c20b05260f88,2025-07-04T12:00:00.009016+00:00,pre_market,long,aggressive_blowthrough,0.37402076,0.15888935,0.46708989,0.46708989,0.37402076,"[0.00,0.50)",pdl,22930.25,v1,252.65405799999996,175.44377500000002,0.2733812949640288,22931.25,False,2025-07-04T12:05:01.050053+00:00,False,False,not_executable,7.75,37.75,trap_reversal,sl_hit,trap_reversal,False,sl,-15.0,sl,-25.0,sl,-30.0
optimistic,da328662-f031-4412-8989-629d804499dd,2025-07-04T13:30:00.108364+00:00,ny_rth,long,aggressive_blowthrough,0.03413814,0.04557965,0.92028221,0.92028221,0.03413814,"[0.00,0.50)",pdl,22930.25,v1,299.999909,0.0,0.0,22915.25,False,2025-07-04T13:35:00.575287+00:00,False,False,not_executable,0.0,37.75,aggressive_blowthrough,sl_hit,aggressive_blowthrough,True,sl,-15.0,sl,-25.0,tp,15.0
pessimistic,da328662-f031-4412-8989-629d804499dd,2025-07-04T13:30:00.108364+00:00,ny_rth,long,aggressive_blowthrough,0.03413814,0.04557965,0.92028221,0.92028221,0.03413814,"[0.00,0.50)",pdl,22930.25,v1,299.999909,0.0,0.0,22915.25,False,2025-07-04T13:35:00.575287+00:00,False,False,not_executable,0.0,37.75,aggressive_blowthrough,sl_hit,aggressive_blowthrough,True,sl,-15.0,sl,-25.0,tp,15.0
optimistic,4bb7a868-ff66-4ddf-bbc4-1eae6f8652fb,2025-07-07T08:11:00.358074+00:00,london,long,tradeable_reversal,0.67159813,0.25859756,0.06980431,0.67159813,0.67159813,"[0.60,0.70)",asia_low,22914.5,v1,20.72597800000001,32.961413,0.2029520295202952,22924.5,False,2025-07-07T08:16:00.377250+00:00,False,False,not_executable,25.0,5.5,tradeable_reversal,tp_hit,tradeable_reversal,True,sl,-15.0,tp,15.0,tp,15.0
pessimistic,4bb7a868-ff66-4ddf-bbc4-1eae6f8652fb,2025-07-07T08:11:00.358074+00:00,london,long,tradeable_reversal,0.67159813,0.25859756,0.06980431,0.67159813,0.67159813,"[0.60,0.70)",asia_low,22914.5,v1,20.72597800000001,32.961413,0.2029520295202952,22924.5,False,2025-07-07T08:16:00.377250+00:00,False,False,not_executable,25.0,5.5,tradeable_reversal,tp_hit,tradeable_reversal,True,sl,-15.0,tp,15.0,tp,15.0
optimistic,44789375-4245-4d10-95bd-a5d6576d0ae9,2025-07-07T12:07:40.188643+00:00,pre_market,short,tradeable_reversal,0.45459674,0.44726379,0.09813947,0.45459674,0.45459674,"[0.00,0.50)",london_high,22990.0,v1,100.77280100000002,175.970811,0.5888077858880778,22986.25,False,2025-07-07T12:12:42.715473+00:00,False,False,not_executable,25.0,11.75,tradeable_reversal,tp_hit,tradeable_reversal,True,sl,-15.0,tp,15.0,tp,15.0
pessimistic,44789375-4245-4d10-95bd-a5d6576d0ae9,2025-07-07T12:07:40.188643+00:00,pre_market,short,tradeable_reversal,0.45459674,0.44726379,0.09813947,0.45459674,0.45459674,"[0.00,0.50)",london_high,22990.0,v1,100.77280100000002,175.970811,0.5888077858880778,22986.25,False,2025-07-07T12:12:42.715473+00:00,False,False,not_executable,25.0,11.75,tradeable_reversal,tp_hit,tradeable_reversal,True,sl,-15.0,tp,15.0,tp,15.0
optimistic,d13e8aa4-0ccb-4464-8479-76c4d97919e6,2025-07-07T13:34:01.438615+00:00,ny_rth,long,tradeable_reversal,0.69515784,0.1339635,0.17087866,0.69515784,0.69515784,"[0.60,0.70)",asia_low,22914.5,v1,44.49135300000001,4.086521000000001,0.03240564239420511,22937.25,False,2025-07-07T13:39:01.516086+00:00,True,True,,25.25,0.25,tradeable_reversal,tp_hit,tradeable_reversal,True,sl,-15.0,tp,15.0,tp,15.0
